%YAML 1.1
%TAG !u! tag:unity3d.com,2011:
--- !u!29 &1
OcclusionCullingSettings:
  m_ObjectHideFlags: 0
  serializedVersion: 2
  m_OcclusionBakeSettings:
    smallestOccluder: 5
    smallestHole: 0.25
    backfaceThreshold: 100
  m_SceneGUID: 00000000000000000000000000000000
  m_OcclusionCullingData: {fileID: 0}
--- !u!104 &2
RenderSettings:
  m_ObjectHideFlags: 0
  serializedVersion: 8
  m_Fog: 0
  m_FogColor: {r: 0.5, g: 0.5, b: 0.5, a: 1}
  m_FogMode: 3
  m_FogDensity: 0.01
  m_LinearFogStart: 0
  m_LinearFogEnd: 300
  m_AmbientSkyColor: {r: 0.212, g: 0.227, b: 0.259, a: 1}
  m_AmbientEquatorColor: {r: 0.114, g: 0.125, b: 0.133, a: 1}
  m_AmbientGroundColor: {r: 0.047, g: 0.043, b: 0.035, a: 1}
  m_AmbientIntensity: 1
  m_AmbientMode: 3
  m_SubtractiveShadowColor: {r: 0.42, g: 0.478, b: 0.627, a: 1}
  m_SkyboxMaterial: {fileID: 0}
  m_HaloStrength: 0.5
  m_FlareStrength: 1
  m_FlareFadeSpeed: 3
  m_HaloTexture: {fileID: 0}
  m_SpotCookie: {fileID: 10001, guid: 0000000000000000e000000000000000, type: 0}
  m_DefaultReflectionMode: 0
  m_DefaultReflectionResolution: 128
  m_ReflectionBounces: 1
  m_ReflectionIntensity: 1
  m_CustomReflection: {fileID: 0}
  m_Sun: {fileID: 0}
  m_IndirectSpecularColor: {r: 0, g: 0, b: 0, a: 1}
--- !u!157 &3
LightmapSettings:
  m_ObjectHideFlags: 0
  serializedVersion: 11
  m_GIWorkflowMode: 1
  m_GISettings:
    serializedVersion: 2
    m_BounceScale: 1
    m_IndirectOutputScale: 1
    m_AlbedoBoost: 1
    m_TemporalCoherenceThreshold: 1
    m_EnvironmentLightingMode: 0
    m_EnableBakedLightmaps: 0
    m_EnableRealtimeLightmaps: 0
  m_LightmapEditorSettings:
    serializedVersion: 9
    m_Resolution: 2
    m_BakeResolution: 40
    m_TextureWidth: 1024
    m_TextureHeight: 1024
    m_AO: 0
    m_AOMaxDistance: 1
    m_CompAOExponent: 1
    m_CompAOExponentDirect: 0
    m_Padding: 2
    m_LightmapParameters: {fileID: 0}
    m_LightmapsBakeMode: 1
    m_TextureCompression: 1
    m_FinalGather: 0
    m_FinalGatherFiltering: 1
    m_FinalGatherRayCount: 256
    m_ReflectionCompression: 2
    m_MixedBakeMode: 2
    m_BakeBackend: 0
    m_PVRSampling: 1
    m_PVRDirectSampleCount: 32
    m_PVRSampleCount: 500
    m_PVRBounces: 2
    m_PVRFiltering: 0
    m_PVRFilteringMode: 1
    m_PVRCulling: 1
    m_PVRFilteringGaussRadiusDirect: 1
    m_PVRFilteringGaussRadiusIndirect: 5
    m_PVRFilteringGaussRadiusAO: 2
    m_PVRFilteringAtrousColorSigma: 1
    m_PVRFilteringAtrousNormalSigma: 1
    m_PVRFilteringAtrousPositionSigma: 1
  m_LightingDataAsset: {fileID: 0}
  m_UseShadowmask: 1
--- !u!196 &4
NavMeshSettings:
  serializedVersion: 2
  m_ObjectHideFlags: 0
  m_BuildSettings:
    serializedVersion: 2
    agentTypeID: 0
    agentRadius: 0.5
    agentHeight: 2
    agentSlope: 45
    agentClimb: 0.4
    ledgeDropHeight: 0
    maxJumpAcrossDistance: 0
    minRegionArea: 2
    manualCellSize: 0
    cellSize: 0.16666667
    manualTileSize: 0
    tileSize: 256
    accuratePlacement: 0
  m_NavMeshData: {fileID: 0}
--- !u!1001 &18332370
Prefab:
  m_ObjectHideFlags: 0
  serializedVersion: 2
  m_Modification:
    m_TransformParent: {fileID: 0}
    m_Modifications:
    - target: {fileID: 430098, guid: 737538b2cb0b29b48bf92d3aff0ca43b, type: 2}
      propertyPath: m_LocalPosition.x
      value: 7.199
      objectReference: {fileID: 0}
    - target: {fileID: 430098, guid: 737538b2cb0b29b48bf92d3aff0ca43b, type: 2}
      propertyPath: m_LocalPosition.y
      value: -0.32
      objectReference: {fileID: 0}
    - target: {fileID: 430098, guid: 737538b2cb0b29b48bf92d3aff0ca43b, type: 2}
      propertyPath: m_LocalPosition.z
      value: -0.03
      objectReference: {fileID: 0}
    - target: {fileID: 430098, guid: 737538b2cb0b29b48bf92d3aff0ca43b, type: 2}
      propertyPath: m_LocalRotation.x
      value: -0
      objectReference: {fileID: 0}
    - target: {fileID: 430098, guid: 737538b2cb0b29b48bf92d3aff0ca43b, type: 2}
      propertyPath: m_LocalRotation.y
      value: -0
      objectReference: {fileID: 0}
    - target: {fileID: 430098, guid: 737538b2cb0b29b48bf92d3aff0ca43b, type: 2}
      propertyPath: m_LocalRotation.z
      value: 0.70744425
      objectReference: {fileID: 0}
    - target: {fileID: 430098, guid: 737538b2cb0b29b48bf92d3aff0ca43b, type: 2}
      propertyPath: m_LocalRotation.w
      value: -0.70676917
      objectReference: {fileID: 0}
    - target: {fileID: 430098, guid: 737538b2cb0b29b48bf92d3aff0ca43b, type: 2}
      propertyPath: m_RootOrder
      value: 24
      objectReference: {fileID: 0}
    - target: {fileID: 184350, guid: 737538b2cb0b29b48bf92d3aff0ca43b, type: 2}
      propertyPath: m_Name
      value: Ground (19)
      objectReference: {fileID: 0}
    - target: {fileID: 430098, guid: 737538b2cb0b29b48bf92d3aff0ca43b, type: 2}
      propertyPath: m_LocalEulerAnglesHint.z
      value: -450.055
      objectReference: {fileID: 0}
    - target: {fileID: 430098, guid: 737538b2cb0b29b48bf92d3aff0ca43b, type: 2}
      propertyPath: m_LocalScale.y
      value: 1.146171
      objectReference: {fileID: 0}
    m_RemovedComponents: []
  m_ParentPrefab: {fileID: 100100000, guid: 737538b2cb0b29b48bf92d3aff0ca43b, type: 2}
  m_IsPrefabParent: 0
--- !u!1001 &28795319
Prefab:
  m_ObjectHideFlags: 0
  serializedVersion: 2
  m_Modification:
    m_TransformParent: {fileID: 0}
    m_Modifications:
    - target: {fileID: 430098, guid: 737538b2cb0b29b48bf92d3aff0ca43b, type: 2}
      propertyPath: m_LocalPosition.x
      value: -13.937
      objectReference: {fileID: 0}
    - target: {fileID: 430098, guid: 737538b2cb0b29b48bf92d3aff0ca43b, type: 2}
      propertyPath: m_LocalPosition.y
      value: 8.929743
      objectReference: {fileID: 0}
    - target: {fileID: 430098, guid: 737538b2cb0b29b48bf92d3aff0ca43b, type: 2}
      propertyPath: m_LocalPosition.z
      value: -0.03
      objectReference: {fileID: 0}
    - target: {fileID: 430098, guid: 737538b2cb0b29b48bf92d3aff0ca43b, type: 2}
      propertyPath: m_LocalRotation.x
      value: -0
      objectReference: {fileID: 0}
    - target: {fileID: 430098, guid: 737538b2cb0b29b48bf92d3aff0ca43b, type: 2}
      propertyPath: m_LocalRotation.y
      value: -0
      objectReference: {fileID: 0}
    - target: {fileID: 430098, guid: 737538b2cb0b29b48bf92d3aff0ca43b, type: 2}
      propertyPath: m_LocalRotation.z
      value: 0.7092216
      objectReference: {fileID: 0}
    - target: {fileID: 430098, guid: 737538b2cb0b29b48bf92d3aff0ca43b, type: 2}
      propertyPath: m_LocalRotation.w
      value: -0.70498574
      objectReference: {fileID: 0}
    - target: {fileID: 430098, guid: 737538b2cb0b29b48bf92d3aff0ca43b, type: 2}
      propertyPath: m_RootOrder
      value: 7
      objectReference: {fileID: 0}
    - target: {fileID: 184350, guid: 737538b2cb0b29b48bf92d3aff0ca43b, type: 2}
      propertyPath: m_Name
      value: Ground (3)
      objectReference: {fileID: 0}
    - target: {fileID: 430098, guid: 737538b2cb0b29b48bf92d3aff0ca43b, type: 2}
      propertyPath: m_LocalEulerAnglesHint.z
      value: -90.343
      objectReference: {fileID: 0}
    - target: {fileID: 430098, guid: 737538b2cb0b29b48bf92d3aff0ca43b, type: 2}
      propertyPath: m_LocalScale.y
      value: 1.146171
      objectReference: {fileID: 0}
    m_RemovedComponents: []
  m_ParentPrefab: {fileID: 100100000, guid: 737538b2cb0b29b48bf92d3aff0ca43b, type: 2}
  m_IsPrefabParent: 0
--- !u!1 &127490540
GameObject:
  m_ObjectHideFlags: 0
  m_PrefabParentObject: {fileID: 1804176322342238, guid: c74622c1c140dae4baeee13566177031,
    type: 2}
  m_PrefabInternal: {fileID: 0}
  serializedVersion: 5
  m_Component:
  - component: {fileID: 127490541}
  - component: {fileID: 127490544}
  - component: {fileID: 127490543}
  - component: {fileID: 127490542}
  m_Layer: 0
  m_Name: fly_leg_r
  m_TagString: Untagged
  m_Icon: {fileID: 0}
  m_NavMeshLayer: 0
  m_StaticEditorFlags: 0
  m_IsActive: 1
--- !u!4 &127490541
Transform:
  m_ObjectHideFlags: 0
  m_PrefabParentObject: {fileID: 4544056041245400, guid: c74622c1c140dae4baeee13566177031,
    type: 2}
  m_PrefabInternal: {fileID: 0}
  m_GameObject: {fileID: 127490540}
  m_LocalRotation: {x: -0, y: -0, z: 0.14680257, w: 0.98916584}
  m_LocalPosition: {x: 0.15999998, y: -0.54571426, z: 0}
  m_LocalScale: {x: 0.4599974, y: 0.78887016, z: 1}
  m_Children: []
  m_Father: {fileID: 992911297}
  m_RootOrder: 0
  m_LocalEulerAnglesHint: {x: 0, y: 0, z: 0}
--- !u!233 &127490542
HingeJoint2D:
  m_ObjectHideFlags: 0
  m_PrefabParentObject: {fileID: 233960576188617426, guid: c74622c1c140dae4baeee13566177031,
    type: 2}
  m_PrefabInternal: {fileID: 0}
  m_GameObject: {fileID: 127490540}
  m_Enabled: 1
  serializedVersion: 4
  m_EnableCollision: 1
  m_ConnectedRigidBody: {fileID: 992911294}
  m_BreakForce: Infinity
  m_BreakTorque: Infinity
  m_AutoConfigureConnectedAnchor: 0
  m_Anchor: {x: -0.03, y: 0.29}
  m_ConnectedAnchor: {x: 0.11834097, y: -0.38433453}
  m_UseMotor: 0
  m_Motor:
    m_MotorSpeed: 0
    m_MaximumMotorForce: 10000
  m_UseLimits: 0
  m_AngleLimits:
    m_LowerAngle: 5
    m_UpperAngle: 5
--- !u!50 &127490543
Rigidbody2D:
  serializedVersion: 4
  m_ObjectHideFlags: 0
  m_PrefabParentObject: {fileID: 50054269598352416, guid: c74622c1c140dae4baeee13566177031,
    type: 2}
  m_PrefabInternal: {fileID: 0}
  m_GameObject: {fileID: 127490540}
  m_BodyType: 0
  m_Simulated: 1
  m_UseFullKinematicContacts: 0
  m_UseAutoMass: 0
  m_Mass: 1.92
  m_LinearDrag: 0
  m_AngularDrag: 0.26
  m_GravityScale: 0.63
  m_Material: {fileID: 0}
  m_Interpolate: 0
  m_SleepingMode: 1
  m_CollisionDetection: 0
  m_Constraints: 0
--- !u!212 &127490544
SpriteRenderer:
  m_ObjectHideFlags: 0
  m_PrefabParentObject: {fileID: 212355582576716126, guid: c74622c1c140dae4baeee13566177031,
    type: 2}
  m_PrefabInternal: {fileID: 0}
  m_GameObject: {fileID: 127490540}
  m_Enabled: 1
  m_CastShadows: 0
  m_ReceiveShadows: 0
  m_MotionVectors: 1
  m_LightProbeUsage: 1
  m_ReflectionProbeUsage: 1
  m_Materials:
  - {fileID: 10754, guid: 0000000000000000f000000000000000, type: 0}
  m_StaticBatchInfo:
    firstSubMesh: 0
    subMeshCount: 0
  m_StaticBatchRoot: {fileID: 0}
  m_ProbeAnchor: {fileID: 0}
  m_LightProbeVolumeOverride: {fileID: 0}
  m_ScaleInLightmap: 1
  m_PreserveUVs: 0
  m_IgnoreNormalsForChartDetection: 0
  m_ImportantGI: 0
  m_SelectedEditorRenderState: 0
  m_MinimumChartSize: 4
  m_AutoUVMaxDistance: 0.5
  m_AutoUVMaxAngle: 89
  m_LightmapParameters: {fileID: 0}
  m_SortingLayerID: 0
  m_SortingLayer: 0
  m_SortingOrder: 0
  m_Sprite: {fileID: 21300000, guid: b5f402b7aefa7a04fa84eb712e0f6d8b, type: 3}
  m_Color: {r: 1, g: 1, b: 1, a: 1}
  m_FlipX: 0
  m_FlipY: 0
  m_DrawMode: 0
  m_Size: {x: 1, y: 1}
  m_AdaptiveModeThreshold: 0.5
  m_SpriteTileMode: 0
  m_WasSpriteAssigned: 1
  m_MaskInteraction: 0
--- !u!1 &238131837
GameObject:
  m_ObjectHideFlags: 0
  m_PrefabParentObject: {fileID: 1976060246497312, guid: c74622c1c140dae4baeee13566177031,
    type: 2}
  m_PrefabInternal: {fileID: 0}
  serializedVersion: 5
  m_Component:
  - component: {fileID: 238131838}
  m_Layer: 0
  m_Name: Textures
  m_TagString: Untagged
  m_Icon: {fileID: 0}
  m_NavMeshLayer: 0
  m_StaticEditorFlags: 0
  m_IsActive: 1
--- !u!4 &238131838
Transform:
  m_ObjectHideFlags: 0
  m_PrefabParentObject: {fileID: 4010695824265838, guid: c74622c1c140dae4baeee13566177031,
    type: 2}
  m_PrefabInternal: {fileID: 0}
  m_GameObject: {fileID: 238131837}
  m_LocalRotation: {x: 0, y: 0, z: 0, w: 1}
  m_LocalPosition: {x: 0, y: 0, z: 0}
  m_LocalScale: {x: 1, y: 1, z: 1}
  m_Children:
  - {fileID: 542757351}
  m_Father: {fileID: 992911297}
  m_RootOrder: 2
  m_LocalEulerAnglesHint: {x: 0, y: 0, z: 0}
--- !u!1001 &246631738
Prefab:
  m_ObjectHideFlags: 0
  serializedVersion: 2
  m_Modification:
    m_TransformParent: {fileID: 0}
    m_Modifications:
    - target: {fileID: 430098, guid: 737538b2cb0b29b48bf92d3aff0ca43b, type: 2}
      propertyPath: m_LocalPosition.x
      value: 1.917
      objectReference: {fileID: 0}
    - target: {fileID: 430098, guid: 737538b2cb0b29b48bf92d3aff0ca43b, type: 2}
      propertyPath: m_LocalPosition.y
      value: -5.3391466
      objectReference: {fileID: 0}
    - target: {fileID: 430098, guid: 737538b2cb0b29b48bf92d3aff0ca43b, type: 2}
      propertyPath: m_LocalPosition.z
      value: -0.03
      objectReference: {fileID: 0}
    - target: {fileID: 430098, guid: 737538b2cb0b29b48bf92d3aff0ca43b, type: 2}
      propertyPath: m_LocalRotation.x
      value: 0
      objectReference: {fileID: 0}
    - target: {fileID: 430098, guid: 737538b2cb0b29b48bf92d3aff0ca43b, type: 2}
      propertyPath: m_LocalRotation.y
      value: 0
      objectReference: {fileID: 0}
    - target: {fileID: 430098, guid: 737538b2cb0b29b48bf92d3aff0ca43b, type: 2}
      propertyPath: m_LocalRotation.z
      value: 0
      objectReference: {fileID: 0}
    - target: {fileID: 430098, guid: 737538b2cb0b29b48bf92d3aff0ca43b, type: 2}
      propertyPath: m_LocalRotation.w
      value: 1
      objectReference: {fileID: 0}
    - target: {fileID: 430098, guid: 737538b2cb0b29b48bf92d3aff0ca43b, type: 2}
      propertyPath: m_RootOrder
      value: 5
      objectReference: {fileID: 0}
    - target: {fileID: 184350, guid: 737538b2cb0b29b48bf92d3aff0ca43b, type: 2}
      propertyPath: m_Name
      value: Ground (1)
      objectReference: {fileID: 0}
    - target: {fileID: 430098, guid: 737538b2cb0b29b48bf92d3aff0ca43b, type: 2}
      propertyPath: m_LocalScale.x
      value: 1.1461705
      objectReference: {fileID: 0}
    m_RemovedComponents: []
  m_ParentPrefab: {fileID: 100100000, guid: 737538b2cb0b29b48bf92d3aff0ca43b, type: 2}
  m_IsPrefabParent: 0
--- !u!1001 &333772935
Prefab:
  m_ObjectHideFlags: 0
  serializedVersion: 2
  m_Modification:
    m_TransformParent: {fileID: 0}
    m_Modifications:
    - target: {fileID: 430098, guid: 737538b2cb0b29b48bf92d3aff0ca43b, type: 2}
      propertyPath: m_LocalPosition.x
      value: 9.54
      objectReference: {fileID: 0}
    - target: {fileID: 430098, guid: 737538b2cb0b29b48bf92d3aff0ca43b, type: 2}
      propertyPath: m_LocalPosition.y
      value: 4.642
      objectReference: {fileID: 0}
    - target: {fileID: 430098, guid: 737538b2cb0b29b48bf92d3aff0ca43b, type: 2}
      propertyPath: m_LocalPosition.z
      value: -0.03
      objectReference: {fileID: 0}
    - target: {fileID: 430098, guid: 737538b2cb0b29b48bf92d3aff0ca43b, type: 2}
      propertyPath: m_LocalRotation.x
      value: -0
      objectReference: {fileID: 0}
    - target: {fileID: 430098, guid: 737538b2cb0b29b48bf92d3aff0ca43b, type: 2}
      propertyPath: m_LocalRotation.y
      value: -0
      objectReference: {fileID: 0}
    - target: {fileID: 430098, guid: 737538b2cb0b29b48bf92d3aff0ca43b, type: 2}
      propertyPath: m_LocalRotation.z
      value: -0.002907427
      objectReference: {fileID: 0}
    - target: {fileID: 430098, guid: 737538b2cb0b29b48bf92d3aff0ca43b, type: 2}
      propertyPath: m_LocalRotation.w
      value: -0.99999577
      objectReference: {fileID: 0}
    - target: {fileID: 430098, guid: 737538b2cb0b29b48bf92d3aff0ca43b, type: 2}
      propertyPath: m_RootOrder
      value: 22
      objectReference: {fileID: 0}
    - target: {fileID: 184350, guid: 737538b2cb0b29b48bf92d3aff0ca43b, type: 2}
      propertyPath: m_Name
      value: Ground (20)
      objectReference: {fileID: 0}
    - target: {fileID: 430098, guid: 737538b2cb0b29b48bf92d3aff0ca43b, type: 2}
      propertyPath: m_LocalEulerAnglesHint.z
      value: 0.333
      objectReference: {fileID: 0}
    - target: {fileID: 430098, guid: 737538b2cb0b29b48bf92d3aff0ca43b, type: 2}
      propertyPath: m_LocalScale.y
      value: 0.5450626
      objectReference: {fileID: 0}
    - target: {fileID: 430098, guid: 737538b2cb0b29b48bf92d3aff0ca43b, type: 2}
      propertyPath: m_LocalScale.x
      value: 0.6134462
      objectReference: {fileID: 0}
    m_RemovedComponents: []
  m_ParentPrefab: {fileID: 100100000, guid: 737538b2cb0b29b48bf92d3aff0ca43b, type: 2}
  m_IsPrefabParent: 0
--- !u!1001 &341775694
Prefab:
  m_ObjectHideFlags: 0
  serializedVersion: 2
  m_Modification:
    m_TransformParent: {fileID: 0}
    m_Modifications:
    - target: {fileID: 430098, guid: 737538b2cb0b29b48bf92d3aff0ca43b, type: 2}
      propertyPath: m_LocalPosition.x
      value: 30.049
      objectReference: {fileID: 0}
    - target: {fileID: 430098, guid: 737538b2cb0b29b48bf92d3aff0ca43b, type: 2}
      propertyPath: m_LocalPosition.y
      value: 7.351
      objectReference: {fileID: 0}
    - target: {fileID: 430098, guid: 737538b2cb0b29b48bf92d3aff0ca43b, type: 2}
      propertyPath: m_LocalPosition.z
      value: -0.03
      objectReference: {fileID: 0}
    - target: {fileID: 430098, guid: 737538b2cb0b29b48bf92d3aff0ca43b, type: 2}
      propertyPath: m_LocalRotation.x
      value: -0
      objectReference: {fileID: 0}
    - target: {fileID: 430098, guid: 737538b2cb0b29b48bf92d3aff0ca43b, type: 2}
      propertyPath: m_LocalRotation.y
      value: -0
      objectReference: {fileID: 0}
    - target: {fileID: 430098, guid: 737538b2cb0b29b48bf92d3aff0ca43b, type: 2}
      propertyPath: m_LocalRotation.z
      value: 0.70742714
      objectReference: {fileID: 0}
    - target: {fileID: 430098, guid: 737538b2cb0b29b48bf92d3aff0ca43b, type: 2}
      propertyPath: m_LocalRotation.w
      value: 0.70678633
      objectReference: {fileID: 0}
    - target: {fileID: 430098, guid: 737538b2cb0b29b48bf92d3aff0ca43b, type: 2}
      propertyPath: m_RootOrder
      value: 17
      objectReference: {fileID: 0}
    - target: {fileID: 184350, guid: 737538b2cb0b29b48bf92d3aff0ca43b, type: 2}
      propertyPath: m_Name
      value: Ground (13)
      objectReference: {fileID: 0}
    - target: {fileID: 430098, guid: 737538b2cb0b29b48bf92d3aff0ca43b, type: 2}
      propertyPath: m_LocalEulerAnglesHint.z
      value: 90.052
      objectReference: {fileID: 0}
    - target: {fileID: 430098, guid: 737538b2cb0b29b48bf92d3aff0ca43b, type: 2}
      propertyPath: m_LocalScale.x
      value: 0.5022144
      objectReference: {fileID: 0}
    - target: {fileID: 430098, guid: 737538b2cb0b29b48bf92d3aff0ca43b, type: 2}
      propertyPath: m_LocalScale.y
      value: 0.61344683
      objectReference: {fileID: 0}
    m_RemovedComponents: []
  m_ParentPrefab: {fileID: 100100000, guid: 737538b2cb0b29b48bf92d3aff0ca43b, type: 2}
  m_IsPrefabParent: 0
--- !u!1 &448003190
GameObject:
  m_ObjectHideFlags: 0
  m_PrefabParentObject: {fileID: 0}
  m_PrefabInternal: {fileID: 0}
  serializedVersion: 5
  m_Component:
  - component: {fileID: 448003193}
  - component: {fileID: 448003192}
  - component: {fileID: 448003191}
  m_Layer: 0
  m_Name: EventSystem
  m_TagString: Untagged
  m_Icon: {fileID: 0}
  m_NavMeshLayer: 0
  m_StaticEditorFlags: 0
  m_IsActive: 1
--- !u!114 &448003191
MonoBehaviour:
  m_ObjectHideFlags: 0
  m_PrefabParentObject: {fileID: 0}
  m_PrefabInternal: {fileID: 0}
  m_GameObject: {fileID: 448003190}
  m_Enabled: 1
  m_EditorHideFlags: 0
  m_Script: {fileID: 1077351063, guid: f70555f144d8491a825f0804e09c671c, type: 3}
  m_Name: 
  m_EditorClassIdentifier: 
  m_HorizontalAxis: Horizontal
  m_VerticalAxis: Vertical
  m_SubmitButton: Submit
  m_CancelButton: Cancel
  m_InputActionsPerSecond: 10
  m_RepeatDelay: 0.5
  m_ForceModuleActive: 0
--- !u!114 &448003192
MonoBehaviour:
  m_ObjectHideFlags: 0
  m_PrefabParentObject: {fileID: 0}
  m_PrefabInternal: {fileID: 0}
  m_GameObject: {fileID: 448003190}
  m_Enabled: 1
  m_EditorHideFlags: 0
  m_Script: {fileID: -619905303, guid: f70555f144d8491a825f0804e09c671c, type: 3}
  m_Name: 
  m_EditorClassIdentifier: 
  m_FirstSelected: {fileID: 0}
  m_sendNavigationEvents: 1
  m_DragThreshold: 5
--- !u!4 &448003193
Transform:
  m_ObjectHideFlags: 0
  m_PrefabParentObject: {fileID: 0}
  m_PrefabInternal: {fileID: 0}
  m_GameObject: {fileID: 448003190}
  m_LocalRotation: {x: 0, y: 0, z: 0, w: 1}
  m_LocalPosition: {x: 0, y: 0, z: 0}
  m_LocalScale: {x: 1, y: 1, z: 1}
  m_Children: []
  m_Father: {fileID: 0}
  m_RootOrder: 26
  m_LocalEulerAnglesHint: {x: 0, y: 0, z: 0}
--- !u!1001 &497925485
Prefab:
  m_ObjectHideFlags: 0
  serializedVersion: 2
  m_Modification:
    m_TransformParent: {fileID: 0}
    m_Modifications:
    - target: {fileID: 430098, guid: 737538b2cb0b29b48bf92d3aff0ca43b, type: 2}
      propertyPath: m_LocalPosition.x
      value: -8.971
      objectReference: {fileID: 0}
    - target: {fileID: 430098, guid: 737538b2cb0b29b48bf92d3aff0ca43b, type: 2}
      propertyPath: m_LocalPosition.y
      value: -5.377
      objectReference: {fileID: 0}
    - target: {fileID: 430098, guid: 737538b2cb0b29b48bf92d3aff0ca43b, type: 2}
      propertyPath: m_LocalPosition.z
      value: -0.03
      objectReference: {fileID: 0}
    - target: {fileID: 430098, guid: 737538b2cb0b29b48bf92d3aff0ca43b, type: 2}
      propertyPath: m_LocalRotation.x
      value: 0
      objectReference: {fileID: 0}
    - target: {fileID: 430098, guid: 737538b2cb0b29b48bf92d3aff0ca43b, type: 2}
      propertyPath: m_LocalRotation.y
      value: 0
      objectReference: {fileID: 0}
    - target: {fileID: 430098, guid: 737538b2cb0b29b48bf92d3aff0ca43b, type: 2}
      propertyPath: m_LocalRotation.z
      value: 0
      objectReference: {fileID: 0}
    - target: {fileID: 430098, guid: 737538b2cb0b29b48bf92d3aff0ca43b, type: 2}
      propertyPath: m_LocalRotation.w
      value: 1
      objectReference: {fileID: 0}
    - target: {fileID: 430098, guid: 737538b2cb0b29b48bf92d3aff0ca43b, type: 2}
      propertyPath: m_RootOrder
      value: 4
      objectReference: {fileID: 0}
    - target: {fileID: 430098, guid: 737538b2cb0b29b48bf92d3aff0ca43b, type: 2}
      propertyPath: m_LocalScale.x
      value: 1.1461705
      objectReference: {fileID: 0}
    m_RemovedComponents: []
  m_ParentPrefab: {fileID: 100100000, guid: 737538b2cb0b29b48bf92d3aff0ca43b, type: 2}
  m_IsPrefabParent: 0
--- !u!1 &542757350
GameObject:
  m_ObjectHideFlags: 0
  m_PrefabParentObject: {fileID: 1413119023546170, guid: c74622c1c140dae4baeee13566177031,
    type: 2}
  m_PrefabInternal: {fileID: 0}
  serializedVersion: 5
  m_Component:
  - component: {fileID: 542757351}
  - component: {fileID: 542757352}
  m_Layer: 0
  m_Name: FurFly_idle_0
  m_TagString: Untagged
  m_Icon: {fileID: 0}
  m_NavMeshLayer: 0
  m_StaticEditorFlags: 0
  m_IsActive: 1
--- !u!4 &542757351
Transform:
  m_ObjectHideFlags: 0
  m_PrefabParentObject: {fileID: 4595023996691436, guid: c74622c1c140dae4baeee13566177031,
    type: 2}
  m_PrefabInternal: {fileID: 0}
  m_GameObject: {fileID: 542757350}
  m_LocalRotation: {x: 0, y: 0, z: 0, w: 1}
  m_LocalPosition: {x: 0, y: 0, z: 1.81}
  m_LocalScale: {x: 0.7, y: 0.7, z: 1}
  m_Children: []
  m_Father: {fileID: 238131838}
  m_RootOrder: 0
  m_LocalEulerAnglesHint: {x: 0, y: 0, z: 0}
--- !u!212 &542757352
SpriteRenderer:
  m_ObjectHideFlags: 0
  m_PrefabParentObject: {fileID: 212541169901494376, guid: c74622c1c140dae4baeee13566177031,
    type: 2}
  m_PrefabInternal: {fileID: 0}
  m_GameObject: {fileID: 542757350}
  m_Enabled: 1
  m_CastShadows: 0
  m_ReceiveShadows: 0
  m_MotionVectors: 1
  m_LightProbeUsage: 1
  m_ReflectionProbeUsage: 1
  m_Materials:
  - {fileID: 10754, guid: 0000000000000000f000000000000000, type: 0}
  m_StaticBatchInfo:
    firstSubMesh: 0
    subMeshCount: 0
  m_StaticBatchRoot: {fileID: 0}
  m_ProbeAnchor: {fileID: 0}
  m_LightProbeVolumeOverride: {fileID: 0}
  m_ScaleInLightmap: 1
  m_PreserveUVs: 0
  m_IgnoreNormalsForChartDetection: 0
  m_ImportantGI: 0
  m_SelectedEditorRenderState: 0
  m_MinimumChartSize: 4
  m_AutoUVMaxDistance: 0.5
  m_AutoUVMaxAngle: 89
  m_LightmapParameters: {fileID: 0}
  m_SortingLayerID: 0
  m_SortingLayer: 0
  m_SortingOrder: 0
  m_Sprite: {fileID: 21300000, guid: 4745d8326cce0104db089c35fd71a440, type: 3}
  m_Color: {r: 1, g: 1, b: 1, a: 1}
  m_FlipX: 0
  m_FlipY: 0
  m_DrawMode: 0
  m_Size: {x: 1, y: 1}
  m_AdaptiveModeThreshold: 0.5
  m_SpriteTileMode: 0
  m_WasSpriteAssigned: 1
  m_MaskInteraction: 0
--- !u!1001 &571790418
Prefab:
  m_ObjectHideFlags: 0
  serializedVersion: 2
  m_Modification:
    m_TransformParent: {fileID: 0}
    m_Modifications:
    - target: {fileID: 430098, guid: 737538b2cb0b29b48bf92d3aff0ca43b, type: 2}
      propertyPath: m_LocalPosition.x
      value: 30.045
      objectReference: {fileID: 0}
    - target: {fileID: 430098, guid: 737538b2cb0b29b48bf92d3aff0ca43b, type: 2}
      propertyPath: m_LocalPosition.y
      value: 20.875
      objectReference: {fileID: 0}
    - target: {fileID: 430098, guid: 737538b2cb0b29b48bf92d3aff0ca43b, type: 2}
      propertyPath: m_LocalPosition.z
      value: -0.03
      objectReference: {fileID: 0}
    - target: {fileID: 430098, guid: 737538b2cb0b29b48bf92d3aff0ca43b, type: 2}
      propertyPath: m_LocalRotation.x
      value: -0
      objectReference: {fileID: 0}
    - target: {fileID: 430098, guid: 737538b2cb0b29b48bf92d3aff0ca43b, type: 2}
      propertyPath: m_LocalRotation.y
      value: -0
      objectReference: {fileID: 0}
    - target: {fileID: 430098, guid: 737538b2cb0b29b48bf92d3aff0ca43b, type: 2}
      propertyPath: m_LocalRotation.z
      value: 0.70742714
      objectReference: {fileID: 0}
    - target: {fileID: 430098, guid: 737538b2cb0b29b48bf92d3aff0ca43b, type: 2}
      propertyPath: m_LocalRotation.w
      value: 0.70678633
      objectReference: {fileID: 0}
    - target: {fileID: 430098, guid: 737538b2cb0b29b48bf92d3aff0ca43b, type: 2}
      propertyPath: m_RootOrder
      value: 14
      objectReference: {fileID: 0}
    - target: {fileID: 184350, guid: 737538b2cb0b29b48bf92d3aff0ca43b, type: 2}
      propertyPath: m_Name
      value: Ground (10)
      objectReference: {fileID: 0}
    - target: {fileID: 430098, guid: 737538b2cb0b29b48bf92d3aff0ca43b, type: 2}
      propertyPath: m_LocalEulerAnglesHint.z
      value: 90.052
      objectReference: {fileID: 0}
    - target: {fileID: 430098, guid: 737538b2cb0b29b48bf92d3aff0ca43b, type: 2}
      propertyPath: m_LocalScale.x
      value: 0.4530696
      objectReference: {fileID: 0}
    - target: {fileID: 430098, guid: 737538b2cb0b29b48bf92d3aff0ca43b, type: 2}
      propertyPath: m_LocalScale.y
      value: 0.5882621
      objectReference: {fileID: 0}
    m_RemovedComponents: []
  m_ParentPrefab: {fileID: 100100000, guid: 737538b2cb0b29b48bf92d3aff0ca43b, type: 2}
  m_IsPrefabParent: 0
--- !u!1001 &826773168
Prefab:
  m_ObjectHideFlags: 0
  serializedVersion: 2
  m_Modification:
    m_TransformParent: {fileID: 0}
    m_Modifications:
    - target: {fileID: 430098, guid: 737538b2cb0b29b48bf92d3aff0ca43b, type: 2}
      propertyPath: m_LocalPosition.x
      value: 30.021
      objectReference: {fileID: 0}
    - target: {fileID: 430098, guid: 737538b2cb0b29b48bf92d3aff0ca43b, type: 2}
      propertyPath: m_LocalPosition.y
      value: 12.119
      objectReference: {fileID: 0}
    - target: {fileID: 430098, guid: 737538b2cb0b29b48bf92d3aff0ca43b, type: 2}
      propertyPath: m_LocalPosition.z
      value: -0.03
      objectReference: {fileID: 0}
    - target: {fileID: 430098, guid: 737538b2cb0b29b48bf92d3aff0ca43b, type: 2}
      propertyPath: m_LocalRotation.x
      value: -0
      objectReference: {fileID: 0}
    - target: {fileID: 430098, guid: 737538b2cb0b29b48bf92d3aff0ca43b, type: 2}
      propertyPath: m_LocalRotation.y
      value: -0
      objectReference: {fileID: 0}
    - target: {fileID: 430098, guid: 737538b2cb0b29b48bf92d3aff0ca43b, type: 2}
      propertyPath: m_LocalRotation.z
      value: 0.70742714
      objectReference: {fileID: 0}
    - target: {fileID: 430098, guid: 737538b2cb0b29b48bf92d3aff0ca43b, type: 2}
      propertyPath: m_LocalRotation.w
      value: 0.70678633
      objectReference: {fileID: 0}
    - target: {fileID: 430098, guid: 737538b2cb0b29b48bf92d3aff0ca43b, type: 2}
      propertyPath: m_RootOrder
      value: 16
      objectReference: {fileID: 0}
    - target: {fileID: 184350, guid: 737538b2cb0b29b48bf92d3aff0ca43b, type: 2}
      propertyPath: m_Name
      value: Ground (12)
      objectReference: {fileID: 0}
    - target: {fileID: 430098, guid: 737538b2cb0b29b48bf92d3aff0ca43b, type: 2}
      propertyPath: m_LocalEulerAnglesHint.z
      value: 90.052
      objectReference: {fileID: 0}
    - target: {fileID: 430098, guid: 737538b2cb0b29b48bf92d3aff0ca43b, type: 2}
      propertyPath: m_LocalScale.x
      value: 0.5022144
      objectReference: {fileID: 0}
    - target: {fileID: 430098, guid: 737538b2cb0b29b48bf92d3aff0ca43b, type: 2}
      propertyPath: m_LocalScale.y
      value: 0.61344683
      objectReference: {fileID: 0}
    m_RemovedComponents: []
  m_ParentPrefab: {fileID: 100100000, guid: 737538b2cb0b29b48bf92d3aff0ca43b, type: 2}
  m_IsPrefabParent: 0
--- !u!1 &992911290
GameObject:
  m_ObjectHideFlags: 0
  m_PrefabParentObject: {fileID: 1120117506074434, guid: c74622c1c140dae4baeee13566177031,
    type: 2}
  m_PrefabInternal: {fileID: 0}
  serializedVersion: 5
  m_Component:
  - component: {fileID: 992911297}
  - component: {fileID: 992911296}
  - component: {fileID: 992911295}
  - component: {fileID: 992911294}
  - component: {fileID: 992911293}
  - component: {fileID: 992911292}
  - component: {fileID: 992911291}
  m_Layer: 0
  m_Name: Furfly
  m_TagString: grabbable
  m_Icon: {fileID: 0}
  m_NavMeshLayer: 0
  m_StaticEditorFlags: 0
  m_IsActive: 1
--- !u!114 &992911291
MonoBehaviour:
  m_ObjectHideFlags: 0
  m_PrefabParentObject: {fileID: 114234780251627598, guid: c74622c1c140dae4baeee13566177031,
    type: 2}
  m_PrefabInternal: {fileID: 0}
  m_GameObject: {fileID: 992911290}
  m_Enabled: 1
  m_EditorHideFlags: 0
  m_Script: {fileID: 0}
  m_Name: 
  m_EditorClassIdentifier: 
--- !u!212 &992911292
SpriteRenderer:
  m_ObjectHideFlags: 0
  m_PrefabParentObject: {fileID: 212952598402678104, guid: c74622c1c140dae4baeee13566177031,
    type: 2}
  m_PrefabInternal: {fileID: 0}
  m_GameObject: {fileID: 992911290}
  m_Enabled: 1
  m_CastShadows: 0
  m_ReceiveShadows: 0
  m_MotionVectors: 1
  m_LightProbeUsage: 0
  m_ReflectionProbeUsage: 0
  m_Materials:
  - {fileID: 10754, guid: 0000000000000000f000000000000000, type: 0}
  m_StaticBatchInfo:
    firstSubMesh: 0
    subMeshCount: 0
  m_StaticBatchRoot: {fileID: 0}
  m_ProbeAnchor: {fileID: 0}
  m_LightProbeVolumeOverride: {fileID: 0}
  m_ScaleInLightmap: 1
  m_PreserveUVs: 0
  m_IgnoreNormalsForChartDetection: 0
  m_ImportantGI: 0
  m_SelectedEditorRenderState: 0
  m_MinimumChartSize: 4
  m_AutoUVMaxDistance: 0.5
  m_AutoUVMaxAngle: 89
  m_LightmapParameters: {fileID: 0}
  m_SortingLayerID: 0
  m_SortingLayer: 0
  m_SortingOrder: 0
  m_Sprite: {fileID: 21300000, guid: 4745d8326cce0104db089c35fd71a440, type: 3}
  m_Color: {r: 1, g: 1, b: 1, a: 1}
  m_FlipX: 0
  m_FlipY: 0
  m_DrawMode: 0
  m_Size: {x: 1, y: 1}
  m_AdaptiveModeThreshold: 0.5
  m_SpriteTileMode: 0
  m_WasSpriteAssigned: 1
  m_MaskInteraction: 0
--- !u!114 &992911293
MonoBehaviour:
  m_ObjectHideFlags: 0
  m_PrefabParentObject: {fileID: 114581931960175518, guid: c74622c1c140dae4baeee13566177031,
    type: 2}
  m_PrefabInternal: {fileID: 0}
  m_GameObject: {fileID: 992911290}
  m_Enabled: 1
  m_EditorHideFlags: 0
  m_Script: {fileID: 11500000, guid: 95051ea8bf279d7459dc9a25d2bbd393, type: 3}
  m_Name: 
  m_EditorClassIdentifier: 
--- !u!50 &992911294
Rigidbody2D:
  serializedVersion: 4
  m_ObjectHideFlags: 0
  m_PrefabParentObject: {fileID: 50524520886456672, guid: c74622c1c140dae4baeee13566177031,
    type: 2}
  m_PrefabInternal: {fileID: 0}
  m_GameObject: {fileID: 992911290}
  m_BodyType: 0
  m_Simulated: 1
  m_UseFullKinematicContacts: 0
  m_UseAutoMass: 0
  m_Mass: 1.36
  m_LinearDrag: 0
  m_AngularDrag: 1.02
  m_GravityScale: -1.43
  m_Material: {fileID: 0}
  m_Interpolate: 0
  m_SleepingMode: 1
  m_CollisionDetection: 1
  m_Constraints: 0
--- !u!58 &992911295
CircleCollider2D:
  m_ObjectHideFlags: 0
  m_PrefabParentObject: {fileID: 58033745657597026, guid: c74622c1c140dae4baeee13566177031,
    type: 2}
  m_PrefabInternal: {fileID: 0}
  m_GameObject: {fileID: 992911290}
  m_Enabled: 1
  m_Density: 1
  m_Material: {fileID: 6200000, guid: dd27ae1187fa3f04189149e85195ea8e, type: 2}
  m_IsTrigger: 0
  m_UsedByEffector: 0
  m_UsedByComposite: 0
  m_Offset: {x: 0.007118498, y: -0.007118753}
  serializedVersion: 2
  m_Radius: 1.0410296
--- !u!95 &992911296
Animator:
  serializedVersion: 3
  m_ObjectHideFlags: 0
  m_PrefabParentObject: {fileID: 95167067899961678, guid: c74622c1c140dae4baeee13566177031,
    type: 2}
  m_PrefabInternal: {fileID: 0}
  m_GameObject: {fileID: 992911290}
  m_Enabled: 1
  m_Avatar: {fileID: 0}
  m_Controller: {fileID: 9100000, guid: 319313234f0cc67479aad3a06cbaa695, type: 2}
  m_CullingMode: 0
  m_UpdateMode: 0
  m_ApplyRootMotion: 0
  m_LinearVelocityBlending: 0
  m_WarningMessage: 
  m_HasTransformHierarchy: 1
  m_AllowConstantClipSamplingOptimization: 1
--- !u!4 &992911297
Transform:
  m_ObjectHideFlags: 0
  m_PrefabParentObject: {fileID: 4556328604057770, guid: c74622c1c140dae4baeee13566177031,
    type: 2}
  m_PrefabInternal: {fileID: 0}
  m_GameObject: {fileID: 992911290}
  m_LocalRotation: {x: 0, y: 0, z: 0, w: 1}
  m_LocalPosition: {x: 19.991041, y: 11.316903, z: 0}
  m_LocalScale: {x: 0.7, y: 0.7, z: 1}
  m_Children:
  - {fileID: 127490541}
  - {fileID: 1208339482}
  - {fileID: 238131838}
  m_Father: {fileID: 0}
  m_RootOrder: 2
  m_LocalEulerAnglesHint: {x: 0, y: 0, z: 0}
--- !u!1001 &1082339017
Prefab:
  m_ObjectHideFlags: 0
  serializedVersion: 2
  m_Modification:
    m_TransformParent: {fileID: 0}
    m_Modifications:
    - target: {fileID: 4295134349586712, guid: d9b211117d41c9340a22c6e390da7e78, type: 2}
      propertyPath: m_LocalPosition.x
      value: -1.6869539
      objectReference: {fileID: 0}
    - target: {fileID: 4295134349586712, guid: d9b211117d41c9340a22c6e390da7e78, type: 2}
      propertyPath: m_LocalPosition.y
      value: -0.7044021
      objectReference: {fileID: 0}
    - target: {fileID: 4295134349586712, guid: d9b211117d41c9340a22c6e390da7e78, type: 2}
      propertyPath: m_LocalPosition.z
      value: 0
      objectReference: {fileID: 0}
    - target: {fileID: 4295134349586712, guid: d9b211117d41c9340a22c6e390da7e78, type: 2}
      propertyPath: m_LocalRotation.x
      value: -0
      objectReference: {fileID: 0}
    - target: {fileID: 4295134349586712, guid: d9b211117d41c9340a22c6e390da7e78, type: 2}
      propertyPath: m_LocalRotation.y
      value: -0
      objectReference: {fileID: 0}
    - target: {fileID: 4295134349586712, guid: d9b211117d41c9340a22c6e390da7e78, type: 2}
      propertyPath: m_LocalRotation.z
      value: -0
      objectReference: {fileID: 0}
    - target: {fileID: 4295134349586712, guid: d9b211117d41c9340a22c6e390da7e78, type: 2}
      propertyPath: m_LocalRotation.w
      value: 1
      objectReference: {fileID: 0}
    - target: {fileID: 4295134349586712, guid: d9b211117d41c9340a22c6e390da7e78, type: 2}
      propertyPath: m_RootOrder
      value: 11
      objectReference: {fileID: 0}
    m_RemovedComponents: []
  m_ParentPrefab: {fileID: 100100000, guid: d9b211117d41c9340a22c6e390da7e78, type: 2}
  m_IsPrefabParent: 0
--- !u!1001 &1135768916
Prefab:
  m_ObjectHideFlags: 0
  serializedVersion: 2
  m_Modification:
    m_TransformParent: {fileID: 0}
    m_Modifications:
    - target: {fileID: 430098, guid: 737538b2cb0b29b48bf92d3aff0ca43b, type: 2}
      propertyPath: m_LocalPosition.x
      value: 27.528
      objectReference: {fileID: 0}
    - target: {fileID: 430098, guid: 737538b2cb0b29b48bf92d3aff0ca43b, type: 2}
      propertyPath: m_LocalPosition.y
      value: 23.506
      objectReference: {fileID: 0}
    - target: {fileID: 430098, guid: 737538b2cb0b29b48bf92d3aff0ca43b, type: 2}
      propertyPath: m_LocalPosition.z
      value: -0.03
      objectReference: {fileID: 0}
    - target: {fileID: 430098, guid: 737538b2cb0b29b48bf92d3aff0ca43b, type: 2}
      propertyPath: m_LocalRotation.x
      value: -0
      objectReference: {fileID: 0}
    - target: {fileID: 430098, guid: 737538b2cb0b29b48bf92d3aff0ca43b, type: 2}
      propertyPath: m_LocalRotation.y
      value: -0
      objectReference: {fileID: 0}
    - target: {fileID: 430098, guid: 737538b2cb0b29b48bf92d3aff0ca43b, type: 2}
      propertyPath: m_LocalRotation.z
      value: -0.9999941
      objectReference: {fileID: 0}
    - target: {fileID: 430098, guid: 737538b2cb0b29b48bf92d3aff0ca43b, type: 2}
      propertyPath: m_LocalRotation.w
      value: 0.003448354
      objectReference: {fileID: 0}
    - target: {fileID: 430098, guid: 737538b2cb0b29b48bf92d3aff0ca43b, type: 2}
      propertyPath: m_RootOrder
      value: 12
      objectReference: {fileID: 0}
    - target: {fileID: 184350, guid: 737538b2cb0b29b48bf92d3aff0ca43b, type: 2}
      propertyPath: m_Name
      value: Ground (8)
      objectReference: {fileID: 0}
    - target: {fileID: 430098, guid: 737538b2cb0b29b48bf92d3aff0ca43b, type: 2}
      propertyPath: m_LocalEulerAnglesHint.z
      value: 180.39499
      objectReference: {fileID: 0}
    - target: {fileID: 430098, guid: 737538b2cb0b29b48bf92d3aff0ca43b, type: 2}
      propertyPath: m_LocalScale.y
      value: 1.2030363
      objectReference: {fileID: 0}
    - target: {fileID: 430098, guid: 737538b2cb0b29b48bf92d3aff0ca43b, type: 2}
      propertyPath: m_LocalScale.x
      value: 0.5936505
      objectReference: {fileID: 0}
    m_RemovedComponents: []
  m_ParentPrefab: {fileID: 100100000, guid: 737538b2cb0b29b48bf92d3aff0ca43b, type: 2}
  m_IsPrefabParent: 0
--- !u!1001 &1144112335
Prefab:
  m_ObjectHideFlags: 0
  serializedVersion: 2
  m_Modification:
    m_TransformParent: {fileID: 0}
    m_Modifications:
    - target: {fileID: 445142, guid: 88c898efdcd7c5e4a9678c4f2604e8e5, type: 2}
      propertyPath: m_LocalPosition.x
      value: 6.374
      objectReference: {fileID: 0}
    - target: {fileID: 445142, guid: 88c898efdcd7c5e4a9678c4f2604e8e5, type: 2}
      propertyPath: m_LocalPosition.y
      value: 2.43
      objectReference: {fileID: 0}
    - target: {fileID: 445142, guid: 88c898efdcd7c5e4a9678c4f2604e8e5, type: 2}
      propertyPath: m_LocalPosition.z
      value: 2.75
      objectReference: {fileID: 0}
    - target: {fileID: 445142, guid: 88c898efdcd7c5e4a9678c4f2604e8e5, type: 2}
      propertyPath: m_LocalRotation.x
      value: 0
      objectReference: {fileID: 0}
    - target: {fileID: 445142, guid: 88c898efdcd7c5e4a9678c4f2604e8e5, type: 2}
      propertyPath: m_LocalRotation.y
      value: 0
      objectReference: {fileID: 0}
    - target: {fileID: 445142, guid: 88c898efdcd7c5e4a9678c4f2604e8e5, type: 2}
      propertyPath: m_LocalRotation.z
      value: 0
      objectReference: {fileID: 0}
    - target: {fileID: 445142, guid: 88c898efdcd7c5e4a9678c4f2604e8e5, type: 2}
      propertyPath: m_LocalRotation.w
      value: 1
      objectReference: {fileID: 0}
    - target: {fileID: 445142, guid: 88c898efdcd7c5e4a9678c4f2604e8e5, type: 2}
      propertyPath: m_RootOrder
      value: 3
      objectReference: {fileID: 0}
    - target: {fileID: 445142, guid: 88c898efdcd7c5e4a9678c4f2604e8e5, type: 2}
      propertyPath: m_LocalScale.x
      value: 0.33238944
      objectReference: {fileID: 0}
    m_RemovedComponents: []
  m_ParentPrefab: {fileID: 100100000, guid: 88c898efdcd7c5e4a9678c4f2604e8e5, type: 2}
  m_IsPrefabParent: 0
--- !u!1001 &1181327296
Prefab:
  m_ObjectHideFlags: 0
  serializedVersion: 2
  m_Modification:
    m_TransformParent: {fileID: 0}
    m_Modifications:
    - target: {fileID: 430098, guid: 737538b2cb0b29b48bf92d3aff0ca43b, type: 2}
      propertyPath: m_LocalPosition.x
      value: 15.372
      objectReference: {fileID: 0}
    - target: {fileID: 430098, guid: 737538b2cb0b29b48bf92d3aff0ca43b, type: 2}
      propertyPath: m_LocalPosition.y
      value: 4.669
      objectReference: {fileID: 0}
    - target: {fileID: 430098, guid: 737538b2cb0b29b48bf92d3aff0ca43b, type: 2}
      propertyPath: m_LocalPosition.z
      value: -0.03
      objectReference: {fileID: 0}
    - target: {fileID: 430098, guid: 737538b2cb0b29b48bf92d3aff0ca43b, type: 2}
      propertyPath: m_LocalRotation.x
      value: -0
      objectReference: {fileID: 0}
    - target: {fileID: 430098, guid: 737538b2cb0b29b48bf92d3aff0ca43b, type: 2}
      propertyPath: m_LocalRotation.y
      value: -0
      objectReference: {fileID: 0}
    - target: {fileID: 430098, guid: 737538b2cb0b29b48bf92d3aff0ca43b, type: 2}
      propertyPath: m_LocalRotation.z
      value: -0.002907427
      objectReference: {fileID: 0}
    - target: {fileID: 430098, guid: 737538b2cb0b29b48bf92d3aff0ca43b, type: 2}
      propertyPath: m_LocalRotation.w
      value: -0.99999577
      objectReference: {fileID: 0}
    - target: {fileID: 430098, guid: 737538b2cb0b29b48bf92d3aff0ca43b, type: 2}
      propertyPath: m_RootOrder
      value: 23
      objectReference: {fileID: 0}
    - target: {fileID: 184350, guid: 737538b2cb0b29b48bf92d3aff0ca43b, type: 2}
      propertyPath: m_Name
      value: Ground (21)
      objectReference: {fileID: 0}
    - target: {fileID: 430098, guid: 737538b2cb0b29b48bf92d3aff0ca43b, type: 2}
      propertyPath: m_LocalEulerAnglesHint.z
      value: 0.333
      objectReference: {fileID: 0}
    - target: {fileID: 430098, guid: 737538b2cb0b29b48bf92d3aff0ca43b, type: 2}
      propertyPath: m_LocalScale.y
      value: 0.5450626
      objectReference: {fileID: 0}
    - target: {fileID: 430098, guid: 737538b2cb0b29b48bf92d3aff0ca43b, type: 2}
      propertyPath: m_LocalScale.x
      value: 0.6134462
      objectReference: {fileID: 0}
    m_RemovedComponents: []
  m_ParentPrefab: {fileID: 100100000, guid: 737538b2cb0b29b48bf92d3aff0ca43b, type: 2}
  m_IsPrefabParent: 0
--- !u!1 &1208339481
GameObject:
  m_ObjectHideFlags: 0
  m_PrefabParentObject: {fileID: 1772316338560906, guid: c74622c1c140dae4baeee13566177031,
    type: 2}
  m_PrefabInternal: {fileID: 0}
  serializedVersion: 5
  m_Component:
  - component: {fileID: 1208339482}
  - component: {fileID: 1208339485}
  - component: {fileID: 1208339484}
  - component: {fileID: 1208339483}
  m_Layer: 0
  m_Name: fly_leg_l
  m_TagString: Untagged
  m_Icon: {fileID: 0}
  m_NavMeshLayer: 0
  m_StaticEditorFlags: 0
  m_IsActive: 1
--- !u!4 &1208339482
Transform:
  m_ObjectHideFlags: 0
  m_PrefabParentObject: {fileID: 4680527211352398, guid: c74622c1c140dae4baeee13566177031,
    type: 2}
  m_PrefabInternal: {fileID: 0}
  m_GameObject: {fileID: 1208339481}
  m_LocalRotation: {x: -0.009824976, y: 0.0074628633, z: -0.09393669, w: 0.99550176}
  m_LocalPosition: {x: -0.10571411, y: -0.60142857, z: 0}
  m_LocalScale: {x: 0.459974, y: 0.7887662, z: 1.000261}
  m_Children: []
  m_Father: {fileID: 992911297}
  m_RootOrder: 1
  m_LocalEulerAnglesHint: {x: 0, y: 0, z: 0}
--- !u!233 &1208339483
HingeJoint2D:
  m_ObjectHideFlags: 0
  m_PrefabParentObject: {fileID: 233450695196177424, guid: c74622c1c140dae4baeee13566177031,
    type: 2}
  m_PrefabInternal: {fileID: 0}
  m_GameObject: {fileID: 1208339481}
  m_Enabled: 1
  serializedVersion: 4
  m_EnableCollision: 1
  m_ConnectedRigidBody: {fileID: 992911294}
  m_BreakForce: Infinity
  m_BreakTorque: Infinity
  m_AutoConfigureConnectedAnchor: 0
  m_Anchor: {x: 0.009100687, y: 0.33}
  m_ConnectedAnchor: {x: -0.06, y: -0.43}
  m_UseMotor: 0
  m_Motor:
    m_MotorSpeed: 0
    m_MaximumMotorForce: 10000
  m_UseLimits: 0
  m_AngleLimits:
    m_LowerAngle: 5
    m_UpperAngle: 5
--- !u!50 &1208339484
Rigidbody2D:
  serializedVersion: 4
  m_ObjectHideFlags: 0
  m_PrefabParentObject: {fileID: 50541365612483952, guid: c74622c1c140dae4baeee13566177031,
    type: 2}
  m_PrefabInternal: {fileID: 0}
  m_GameObject: {fileID: 1208339481}
  m_BodyType: 0
  m_Simulated: 1
  m_UseFullKinematicContacts: 0
  m_UseAutoMass: 0
  m_Mass: 1.62
  m_LinearDrag: 0
  m_AngularDrag: 0.21
  m_GravityScale: 0.63
  m_Material: {fileID: 0}
  m_Interpolate: 0
  m_SleepingMode: 1
  m_CollisionDetection: 0
  m_Constraints: 0
--- !u!212 &1208339485
SpriteRenderer:
  m_ObjectHideFlags: 0
  m_PrefabParentObject: {fileID: 212899451935597928, guid: c74622c1c140dae4baeee13566177031,
    type: 2}
  m_PrefabInternal: {fileID: 0}
  m_GameObject: {fileID: 1208339481}
  m_Enabled: 1
  m_CastShadows: 0
  m_ReceiveShadows: 0
  m_MotionVectors: 1
  m_LightProbeUsage: 1
  m_ReflectionProbeUsage: 1
  m_Materials:
  - {fileID: 10754, guid: 0000000000000000f000000000000000, type: 0}
  m_StaticBatchInfo:
    firstSubMesh: 0
    subMeshCount: 0
  m_StaticBatchRoot: {fileID: 0}
  m_ProbeAnchor: {fileID: 0}
  m_LightProbeVolumeOverride: {fileID: 0}
  m_ScaleInLightmap: 1
  m_PreserveUVs: 0
  m_IgnoreNormalsForChartDetection: 0
  m_ImportantGI: 0
  m_SelectedEditorRenderState: 0
  m_MinimumChartSize: 4
  m_AutoUVMaxDistance: 0.5
  m_AutoUVMaxAngle: 89
  m_LightmapParameters: {fileID: 0}
  m_SortingLayerID: 0
  m_SortingLayer: 0
  m_SortingOrder: 0
  m_Sprite: {fileID: 21300000, guid: b5f402b7aefa7a04fa84eb712e0f6d8b, type: 3}
  m_Color: {r: 1, g: 1, b: 1, a: 1}
  m_FlipX: 0
  m_FlipY: 0
  m_DrawMode: 0
  m_Size: {x: 1, y: 1}
  m_AdaptiveModeThreshold: 0.5
  m_SpriteTileMode: 0
  m_WasSpriteAssigned: 1
  m_MaskInteraction: 0
--- !u!1 &1300116915
GameObject:
  m_ObjectHideFlags: 0
  m_PrefabParentObject: {fileID: 0}
  m_PrefabInternal: {fileID: 0}
  serializedVersion: 5
  m_Component:
  - component: {fileID: 1300116916}
  - component: {fileID: 1300116918}
  - component: {fileID: 1300116917}
  m_Layer: 0
  m_Name: TextMeshPro Text
  m_TagString: Untagged
  m_Icon: {fileID: 0}
  m_NavMeshLayer: 0
  m_StaticEditorFlags: 0
  m_IsActive: 1
--- !u!224 &1300116916
RectTransform:
  m_ObjectHideFlags: 0
  m_PrefabParentObject: {fileID: 0}
  m_PrefabInternal: {fileID: 0}
  m_GameObject: {fileID: 1300116915}
  m_LocalRotation: {x: 0, y: 0, z: 0, w: 1}
  m_LocalPosition: {x: 0, y: 0, z: 0}
  m_LocalScale: {x: 1, y: 1, z: 1}
  m_Children: []
  m_Father: {fileID: 1317230840}
  m_RootOrder: 0
  m_LocalEulerAnglesHint: {x: 0, y: 0, z: 0}
  m_AnchorMin: {x: 0.5, y: 0.5}
  m_AnchorMax: {x: 0.5, y: 0.5}
  m_AnchoredPosition: {x: -2.03, y: 2.54}
  m_SizeDelta: {x: 13.08, y: 4.03}
  m_Pivot: {x: 0.5, y: 0.5}
--- !u!114 &1300116917
MonoBehaviour:
  m_ObjectHideFlags: 0
  m_PrefabParentObject: {fileID: 0}
  m_PrefabInternal: {fileID: 0}
  m_GameObject: {fileID: 1300116915}
  m_Enabled: 1
  m_EditorHideFlags: 0
  m_Script: {fileID: 1453722849, guid: 89f0137620f6af44b9ba852b4190e64e, type: 3}
  m_Name: 
  m_EditorClassIdentifier: 
  m_Material: {fileID: 0}
  m_Color: {r: 1, g: 1, b: 1, a: 1}
  m_RaycastTarget: 1
  m_OnCullStateChanged:
    m_PersistentCalls:
      m_Calls: []
    m_TypeName: UnityEngine.UI.MaskableGraphic+CullStateChangedEvent, UnityEngine.UI,
      Version=1.0.0.0, Culture=neutral, PublicKeyToken=null
  m_text: Press SpaceBar to Jump. Jump after landing to gain some height.
  m_isRightToLeft: 0
  m_fontAsset: {fileID: 11400000, guid: 715b80e429c437e40867928a4e1fc975, type: 2}
  m_sharedMaterial: {fileID: 2180264, guid: 715b80e429c437e40867928a4e1fc975, type: 2}
  m_fontSharedMaterials: []
  m_fontMaterial: {fileID: 0}
  m_fontMaterials: []
  m_fontColor32:
    serializedVersion: 2
    rgba: 4278190080
  m_fontColor: {r: 0, g: 0, b: 0, a: 1}
  m_enableVertexGradient: 0
  m_fontColorGradient:
    topLeft: {r: 1, g: 1, b: 1, a: 1}
    topRight: {r: 1, g: 1, b: 1, a: 1}
    bottomLeft: {r: 1, g: 1, b: 1, a: 1}
    bottomRight: {r: 1, g: 1, b: 1, a: 1}
  m_fontColorGradientPreset: {fileID: 0}
  m_spriteAsset: {fileID: 0}
  m_tintAllSprites: 0
  m_overrideHtmlColors: 0
  m_faceColor:
    serializedVersion: 2
    rgba: 4294967295
  m_outlineColor:
    serializedVersion: 2
    rgba: 4278190080
  m_fontSize: 1
  m_fontSizeBase: 1
  m_fontWeight: 400
  m_enableAutoSizing: 0
  m_fontSizeMin: 18
  m_fontSizeMax: 72
  m_fontStyle: 0
  m_textAlignment: 257
  m_isAlignmentEnumConverted: 1
  m_characterSpacing: 0
  m_wordSpacing: 0
  m_lineSpacing: 0
  m_lineSpacingMax: 0
  m_paragraphSpacing: 0
  m_charWidthMaxAdj: 0
  m_enableWordWrapping: 1
  m_wordWrappingRatios: 0.4
  m_overflowMode: 0
  m_firstOverflowCharacterIndex: -1
  m_linkedTextComponent: {fileID: 0}
  m_isLinkedTextComponent: 0
  m_enableKerning: 1
  m_enableExtraPadding: 0
  checkPaddingRequired: 0
  m_isRichText: 1
  m_parseCtrlCharacters: 1
  m_isOrthographic: 1
  m_isCullingEnabled: 0
  m_ignoreRectMaskCulling: 0
  m_ignoreCulling: 1
  m_horizontalMapping: 0
  m_verticalMapping: 0
  m_uvLineOffset: 0
  m_geometrySortingOrder: 0
  m_firstVisibleCharacter: 0
  m_useMaxVisibleDescender: 1
  m_pageToDisplay: 1
  m_margin: {x: 0, y: 0, z: 0, w: 0}
  m_textInfo:
    textComponent: {fileID: 1300116917}
    characterCount: 63
    spriteCount: 0
    spaceCount: 10
    wordCount: 11
    linkCount: 0
    lineCount: 3
    pageCount: 1
    materialCount: 1
  m_havePropertiesChanged: 0
  m_isUsingLegacyAnimationComponent: 0
  m_isVolumetricText: 0
  m_spriteAnimator: {fileID: 0}
  m_isInputParsingRequired: 0
  m_inputSource: 0
  m_hasFontAssetChanged: 0
  m_subTextObjects:
  - {fileID: 0}
  - {fileID: 0}
  - {fileID: 0}
  - {fileID: 0}
  - {fileID: 0}
  - {fileID: 0}
  - {fileID: 0}
  - {fileID: 0}
  m_baseMaterial: {fileID: 0}
  m_maskOffset: {x: 0, y: 0, z: 0, w: 0}
--- !u!222 &1300116918
CanvasRenderer:
  m_ObjectHideFlags: 0
  m_PrefabParentObject: {fileID: 0}
  m_PrefabInternal: {fileID: 0}
  m_GameObject: {fileID: 1300116915}
--- !u!1 &1317230837
GameObject:
  m_ObjectHideFlags: 0
  m_PrefabParentObject: {fileID: 0}
  m_PrefabInternal: {fileID: 0}
  serializedVersion: 5
  m_Component:
  - component: {fileID: 1317230840}
  - component: {fileID: 1317230839}
  - component: {fileID: 1317230838}
  m_Layer: 0
  m_Name: Canvas
  m_TagString: Untagged
  m_Icon: {fileID: 0}
  m_NavMeshLayer: 0
  m_StaticEditorFlags: 0
  m_IsActive: 1
--- !u!114 &1317230838
MonoBehaviour:
  m_ObjectHideFlags: 0
  m_PrefabParentObject: {fileID: 0}
  m_PrefabInternal: {fileID: 0}
  m_GameObject: {fileID: 1317230837}
  m_Enabled: 1
  m_EditorHideFlags: 0
  m_Script: {fileID: 1301386320, guid: f70555f144d8491a825f0804e09c671c, type: 3}
  m_Name: 
  m_EditorClassIdentifier: 
  m_IgnoreReversedGraphics: 1
  m_BlockingObjects: 0
  m_BlockingMask:
    serializedVersion: 2
    m_Bits: 4294967295
--- !u!223 &1317230839
Canvas:
  m_ObjectHideFlags: 0
  m_PrefabParentObject: {fileID: 0}
  m_PrefabInternal: {fileID: 0}
  m_GameObject: {fileID: 1317230837}
  m_Enabled: 1
  serializedVersion: 3
  m_RenderMode: 2
  m_Camera: {fileID: 0}
  m_PlaneDistance: 100
  m_PixelPerfect: 0
  m_ReceivesEvents: 1
  m_OverrideSorting: 0
  m_OverridePixelPerfect: 0
  m_SortingBucketNormalizedSize: 0
  m_AdditionalShaderChannelsFlag: 25
  m_SortingLayerID: 0
  m_SortingOrder: 0
  m_TargetDisplay: 0
--- !u!224 &1317230840
RectTransform:
  m_ObjectHideFlags: 0
  m_PrefabParentObject: {fileID: 0}
  m_PrefabInternal: {fileID: 0}
  m_GameObject: {fileID: 1317230837}
  m_LocalRotation: {x: 0, y: 0, z: 0, w: 1}
  m_LocalPosition: {x: 0, y: 0, z: 0}
  m_LocalScale: {x: 1, y: 1, z: 1}
  m_Children:
  - {fileID: 1300116916}
  - {fileID: 1938027682}
  m_Father: {fileID: 0}
  m_RootOrder: 25
  m_LocalEulerAnglesHint: {x: 0, y: 0, z: 0}
  m_AnchorMin: {x: 0, y: 0}
  m_AnchorMax: {x: 0, y: 0}
  m_AnchoredPosition: {x: 0, y: 0}
  m_SizeDelta: {x: 1017, y: 518}
  m_Pivot: {x: 0.5, y: 0.5}
--- !u!1001 &1317883963
Prefab:
  m_ObjectHideFlags: 0
  serializedVersion: 2
  m_Modification:
    m_TransformParent: {fileID: 0}
    m_Modifications:
    - target: {fileID: 430098, guid: 737538b2cb0b29b48bf92d3aff0ca43b, type: 2}
      propertyPath: m_LocalPosition.x
      value: 21.882
      objectReference: {fileID: 0}
    - target: {fileID: 430098, guid: 737538b2cb0b29b48bf92d3aff0ca43b, type: 2}
      propertyPath: m_LocalPosition.y
      value: 23.484
      objectReference: {fileID: 0}
    - target: {fileID: 430098, guid: 737538b2cb0b29b48bf92d3aff0ca43b, type: 2}
      propertyPath: m_LocalPosition.z
      value: -0.03
      objectReference: {fileID: 0}
    - target: {fileID: 430098, guid: 737538b2cb0b29b48bf92d3aff0ca43b, type: 2}
      propertyPath: m_LocalRotation.x
      value: -0
      objectReference: {fileID: 0}
    - target: {fileID: 430098, guid: 737538b2cb0b29b48bf92d3aff0ca43b, type: 2}
      propertyPath: m_LocalRotation.y
      value: -0
      objectReference: {fileID: 0}
    - target: {fileID: 430098, guid: 737538b2cb0b29b48bf92d3aff0ca43b, type: 2}
      propertyPath: m_LocalRotation.z
      value: -0.9999941
      objectReference: {fileID: 0}
    - target: {fileID: 430098, guid: 737538b2cb0b29b48bf92d3aff0ca43b, type: 2}
      propertyPath: m_LocalRotation.w
      value: 0.003448354
      objectReference: {fileID: 0}
    - target: {fileID: 430098, guid: 737538b2cb0b29b48bf92d3aff0ca43b, type: 2}
      propertyPath: m_RootOrder
      value: 13
      objectReference: {fileID: 0}
    - target: {fileID: 184350, guid: 737538b2cb0b29b48bf92d3aff0ca43b, type: 2}
      propertyPath: m_Name
      value: Ground (9)
      objectReference: {fileID: 0}
    - target: {fileID: 430098, guid: 737538b2cb0b29b48bf92d3aff0ca43b, type: 2}
      propertyPath: m_LocalEulerAnglesHint.z
      value: 180.39499
      objectReference: {fileID: 0}
    - target: {fileID: 430098, guid: 737538b2cb0b29b48bf92d3aff0ca43b, type: 2}
      propertyPath: m_LocalScale.y
      value: 1.2030363
      objectReference: {fileID: 0}
    - target: {fileID: 430098, guid: 737538b2cb0b29b48bf92d3aff0ca43b, type: 2}
      propertyPath: m_LocalScale.x
      value: 0.5936505
      objectReference: {fileID: 0}
    m_RemovedComponents: []
  m_ParentPrefab: {fileID: 100100000, guid: 737538b2cb0b29b48bf92d3aff0ca43b, type: 2}
  m_IsPrefabParent: 0
--- !u!1001 &1447182229
Prefab:
  m_ObjectHideFlags: 0
  serializedVersion: 2
  m_Modification:
    m_TransformParent: {fileID: 0}
    m_Modifications:
    - target: {fileID: 430098, guid: 737538b2cb0b29b48bf92d3aff0ca43b, type: 2}
      propertyPath: m_LocalPosition.x
      value: 21.241
      objectReference: {fileID: 0}
    - target: {fileID: 430098, guid: 737538b2cb0b29b48bf92d3aff0ca43b, type: 2}
      propertyPath: m_LocalPosition.y
      value: 4.74
      objectReference: {fileID: 0}
    - target: {fileID: 430098, guid: 737538b2cb0b29b48bf92d3aff0ca43b, type: 2}
      propertyPath: m_LocalPosition.z
      value: -0.03
      objectReference: {fileID: 0}
    - target: {fileID: 430098, guid: 737538b2cb0b29b48bf92d3aff0ca43b, type: 2}
      propertyPath: m_LocalRotation.x
      value: -0
      objectReference: {fileID: 0}
    - target: {fileID: 430098, guid: 737538b2cb0b29b48bf92d3aff0ca43b, type: 2}
      propertyPath: m_LocalRotation.y
      value: -0
      objectReference: {fileID: 0}
    - target: {fileID: 430098, guid: 737538b2cb0b29b48bf92d3aff0ca43b, type: 2}
      propertyPath: m_LocalRotation.z
      value: 0.0037157058
      objectReference: {fileID: 0}
    - target: {fileID: 430098, guid: 737538b2cb0b29b48bf92d3aff0ca43b, type: 2}
      propertyPath: m_LocalRotation.w
      value: 0.9999931
      objectReference: {fileID: 0}
    - target: {fileID: 430098, guid: 737538b2cb0b29b48bf92d3aff0ca43b, type: 2}
      propertyPath: m_RootOrder
      value: 19
      objectReference: {fileID: 0}
    - target: {fileID: 184350, guid: 737538b2cb0b29b48bf92d3aff0ca43b, type: 2}
      propertyPath: m_Name
      value: Ground (15)
      objectReference: {fileID: 0}
    - target: {fileID: 430098, guid: 737538b2cb0b29b48bf92d3aff0ca43b, type: 2}
      propertyPath: m_LocalEulerAnglesHint.z
      value: 0.42600003
      objectReference: {fileID: 0}
    - target: {fileID: 430098, guid: 737538b2cb0b29b48bf92d3aff0ca43b, type: 2}
      propertyPath: m_LocalScale.y
      value: 0.50221616
      objectReference: {fileID: 0}
    - target: {fileID: 430098, guid: 737538b2cb0b29b48bf92d3aff0ca43b, type: 2}
      propertyPath: m_LocalScale.x
      value: 0.6134462
      objectReference: {fileID: 0}
    m_RemovedComponents: []
  m_ParentPrefab: {fileID: 100100000, guid: 737538b2cb0b29b48bf92d3aff0ca43b, type: 2}
  m_IsPrefabParent: 0
--- !u!1001 &1457507993
Prefab:
  m_ObjectHideFlags: 0
  serializedVersion: 2
  m_Modification:
    m_TransformParent: {fileID: 0}
    m_Modifications:
    - target: {fileID: 4507961341307582, guid: 63931de759b88b54cb7e0c2eb5293f2c, type: 2}
      propertyPath: m_LocalPosition.x
      value: 0
      objectReference: {fileID: 0}
    - target: {fileID: 4507961341307582, guid: 63931de759b88b54cb7e0c2eb5293f2c, type: 2}
      propertyPath: m_LocalPosition.y
      value: 0
      objectReference: {fileID: 0}
    - target: {fileID: 4507961341307582, guid: 63931de759b88b54cb7e0c2eb5293f2c, type: 2}
      propertyPath: m_LocalPosition.z
      value: -0.52999973
      objectReference: {fileID: 0}
    - target: {fileID: 4507961341307582, guid: 63931de759b88b54cb7e0c2eb5293f2c, type: 2}
      propertyPath: m_LocalRotation.x
      value: -0
      objectReference: {fileID: 0}
    - target: {fileID: 4507961341307582, guid: 63931de759b88b54cb7e0c2eb5293f2c, type: 2}
      propertyPath: m_LocalRotation.y
      value: -0
      objectReference: {fileID: 0}
    - target: {fileID: 4507961341307582, guid: 63931de759b88b54cb7e0c2eb5293f2c, type: 2}
      propertyPath: m_LocalRotation.z
      value: -0
      objectReference: {fileID: 0}
    - target: {fileID: 4507961341307582, guid: 63931de759b88b54cb7e0c2eb5293f2c, type: 2}
      propertyPath: m_LocalRotation.w
      value: 1
      objectReference: {fileID: 0}
    - target: {fileID: 4507961341307582, guid: 63931de759b88b54cb7e0c2eb5293f2c, type: 2}
      propertyPath: m_RootOrder
      value: 0
      objectReference: {fileID: 0}
    m_RemovedComponents: []
  m_ParentPrefab: {fileID: 100100000, guid: 63931de759b88b54cb7e0c2eb5293f2c, type: 2}
  m_IsPrefabParent: 0
--- !u!1001 &1486144528
Prefab:
  m_ObjectHideFlags: 0
  serializedVersion: 2
  m_Modification:
    m_TransformParent: {fileID: 0}
    m_Modifications:
    - target: {fileID: 430098, guid: 737538b2cb0b29b48bf92d3aff0ca43b, type: 2}
      propertyPath: m_LocalPosition.x
      value: 2.867
      objectReference: {fileID: 0}
    - target: {fileID: 430098, guid: 737538b2cb0b29b48bf92d3aff0ca43b, type: 2}
      propertyPath: m_LocalPosition.y
      value: 23.3
      objectReference: {fileID: 0}
    - target: {fileID: 430098, guid: 737538b2cb0b29b48bf92d3aff0ca43b, type: 2}
      propertyPath: m_LocalPosition.z
      value: -0.03
      objectReference: {fileID: 0}
    - target: {fileID: 430098, guid: 737538b2cb0b29b48bf92d3aff0ca43b, type: 2}
      propertyPath: m_LocalRotation.x
      value: -0
      objectReference: {fileID: 0}
    - target: {fileID: 430098, guid: 737538b2cb0b29b48bf92d3aff0ca43b, type: 2}
      propertyPath: m_LocalRotation.y
      value: -0
      objectReference: {fileID: 0}
    - target: {fileID: 430098, guid: 737538b2cb0b29b48bf92d3aff0ca43b, type: 2}
      propertyPath: m_LocalRotation.z
      value: 1
      objectReference: {fileID: 0}
    - target: {fileID: 430098, guid: 737538b2cb0b29b48bf92d3aff0ca43b, type: 2}
      propertyPath: m_LocalRotation.w
      value: -0.00026753242
      objectReference: {fileID: 0}
    - target: {fileID: 430098, guid: 737538b2cb0b29b48bf92d3aff0ca43b, type: 2}
      propertyPath: m_RootOrder
      value: 10
      objectReference: {fileID: 0}
    - target: {fileID: 184350, guid: 737538b2cb0b29b48bf92d3aff0ca43b, type: 2}
      propertyPath: m_Name
      value: Ground (7)
      objectReference: {fileID: 0}
    - target: {fileID: 430098, guid: 737538b2cb0b29b48bf92d3aff0ca43b, type: 2}
      propertyPath: m_LocalEulerAnglesHint.z
      value: -179.96901
      objectReference: {fileID: 0}
    - target: {fileID: 430098, guid: 737538b2cb0b29b48bf92d3aff0ca43b, type: 2}
      propertyPath: m_LocalScale.x
      value: 1.1461705
      objectReference: {fileID: 0}
    m_RemovedComponents: []
  m_ParentPrefab: {fileID: 100100000, guid: 737538b2cb0b29b48bf92d3aff0ca43b, type: 2}
  m_IsPrefabParent: 0
--- !u!1001 &1549745217
Prefab:
  m_ObjectHideFlags: 0
  serializedVersion: 2
  m_Modification:
    m_TransformParent: {fileID: 0}
    m_Modifications:
    - target: {fileID: 430098, guid: 737538b2cb0b29b48bf92d3aff0ca43b, type: 2}
      propertyPath: m_LocalPosition.x
      value: 16.252
      objectReference: {fileID: 0}
    - target: {fileID: 430098, guid: 737538b2cb0b29b48bf92d3aff0ca43b, type: 2}
      propertyPath: m_LocalPosition.y
      value: 23.183
      objectReference: {fileID: 0}
    - target: {fileID: 430098, guid: 737538b2cb0b29b48bf92d3aff0ca43b, type: 2}
      propertyPath: m_LocalPosition.z
      value: -0.03
      objectReference: {fileID: 0}
    - target: {fileID: 430098, guid: 737538b2cb0b29b48bf92d3aff0ca43b, type: 2}
      propertyPath: m_LocalRotation.x
      value: -0
      objectReference: {fileID: 0}
    - target: {fileID: 430098, guid: 737538b2cb0b29b48bf92d3aff0ca43b, type: 2}
      propertyPath: m_LocalRotation.y
      value: -0
      objectReference: {fileID: 0}
    - target: {fileID: 430098, guid: 737538b2cb0b29b48bf92d3aff0ca43b, type: 2}
      propertyPath: m_LocalRotation.z
      value: -0.9999941
      objectReference: {fileID: 0}
    - target: {fileID: 430098, guid: 737538b2cb0b29b48bf92d3aff0ca43b, type: 2}
      propertyPath: m_LocalRotation.w
      value: 0.003448354
      objectReference: {fileID: 0}
    - target: {fileID: 430098, guid: 737538b2cb0b29b48bf92d3aff0ca43b, type: 2}
      propertyPath: m_RootOrder
      value: 20
      objectReference: {fileID: 0}
    - target: {fileID: 184350, guid: 737538b2cb0b29b48bf92d3aff0ca43b, type: 2}
      propertyPath: m_Name
      value: Ground (16)
      objectReference: {fileID: 0}
    - target: {fileID: 430098, guid: 737538b2cb0b29b48bf92d3aff0ca43b, type: 2}
      propertyPath: m_LocalEulerAnglesHint.z
      value: 180.39499
      objectReference: {fileID: 0}
    - target: {fileID: 430098, guid: 737538b2cb0b29b48bf92d3aff0ca43b, type: 2}
      propertyPath: m_LocalScale.y
      value: 0.98325616
      objectReference: {fileID: 0}
    - target: {fileID: 430098, guid: 737538b2cb0b29b48bf92d3aff0ca43b, type: 2}
      propertyPath: m_LocalScale.x
      value: 0.5882615
      objectReference: {fileID: 0}
    m_RemovedComponents: []
  m_ParentPrefab: {fileID: 100100000, guid: 737538b2cb0b29b48bf92d3aff0ca43b, type: 2}
  m_IsPrefabParent: 0
--- !u!1001 &1620662522
Prefab:
  m_ObjectHideFlags: 0
  serializedVersion: 2
  m_Modification:
    m_TransformParent: {fileID: 0}
    m_Modifications:
    - target: {fileID: 445142, guid: 88c898efdcd7c5e4a9678c4f2604e8e5, type: 2}
      propertyPath: m_LocalPosition.x
      value: -12.09
      objectReference: {fileID: 0}
    - target: {fileID: 445142, guid: 88c898efdcd7c5e4a9678c4f2604e8e5, type: 2}
      propertyPath: m_LocalPosition.y
      value: -0.74
      objectReference: {fileID: 0}
    - target: {fileID: 445142, guid: 88c898efdcd7c5e4a9678c4f2604e8e5, type: 2}
      propertyPath: m_LocalPosition.z
      value: 2.75
      objectReference: {fileID: 0}
    - target: {fileID: 445142, guid: 88c898efdcd7c5e4a9678c4f2604e8e5, type: 2}
      propertyPath: m_LocalRotation.x
      value: 0
      objectReference: {fileID: 0}
    - target: {fileID: 445142, guid: 88c898efdcd7c5e4a9678c4f2604e8e5, type: 2}
      propertyPath: m_LocalRotation.y
      value: 0
      objectReference: {fileID: 0}
    - target: {fileID: 445142, guid: 88c898efdcd7c5e4a9678c4f2604e8e5, type: 2}
      propertyPath: m_LocalRotation.z
      value: 0
      objectReference: {fileID: 0}
    - target: {fileID: 445142, guid: 88c898efdcd7c5e4a9678c4f2604e8e5, type: 2}
      propertyPath: m_LocalRotation.w
      value: 1
      objectReference: {fileID: 0}
    - target: {fileID: 445142, guid: 88c898efdcd7c5e4a9678c4f2604e8e5, type: 2}
      propertyPath: m_RootOrder
      value: 1
      objectReference: {fileID: 0}
    - target: {fileID: 118836, guid: 88c898efdcd7c5e4a9678c4f2604e8e5, type: 2}
      propertyPath: m_Name
      value: Ground_Wall_small (1)
      objectReference: {fileID: 0}
    m_RemovedComponents: []
  m_ParentPrefab: {fileID: 100100000, guid: 88c898efdcd7c5e4a9678c4f2604e8e5, type: 2}
  m_IsPrefabParent: 0
--- !u!1001 &1621285805
Prefab:
  m_ObjectHideFlags: 0
  serializedVersion: 2
  m_Modification:
    m_TransformParent: {fileID: 0}
    m_Modifications:
    - target: {fileID: 430098, guid: 737538b2cb0b29b48bf92d3aff0ca43b, type: 2}
      propertyPath: m_LocalPosition.x
      value: 10.659
      objectReference: {fileID: 0}
    - target: {fileID: 430098, guid: 737538b2cb0b29b48bf92d3aff0ca43b, type: 2}
      propertyPath: m_LocalPosition.y
      value: 23.003
      objectReference: {fileID: 0}
    - target: {fileID: 430098, guid: 737538b2cb0b29b48bf92d3aff0ca43b, type: 2}
      propertyPath: m_LocalPosition.z
      value: -0.03
      objectReference: {fileID: 0}
    - target: {fileID: 430098, guid: 737538b2cb0b29b48bf92d3aff0ca43b, type: 2}
      propertyPath: m_LocalRotation.x
      value: -0
      objectReference: {fileID: 0}
    - target: {fileID: 430098, guid: 737538b2cb0b29b48bf92d3aff0ca43b, type: 2}
      propertyPath: m_LocalRotation.y
      value: -0
      objectReference: {fileID: 0}
    - target: {fileID: 430098, guid: 737538b2cb0b29b48bf92d3aff0ca43b, type: 2}
      propertyPath: m_LocalRotation.z
      value: -0.9999941
      objectReference: {fileID: 0}
    - target: {fileID: 430098, guid: 737538b2cb0b29b48bf92d3aff0ca43b, type: 2}
      propertyPath: m_LocalRotation.w
      value: 0.003448354
      objectReference: {fileID: 0}
    - target: {fileID: 430098, guid: 737538b2cb0b29b48bf92d3aff0ca43b, type: 2}
      propertyPath: m_RootOrder
      value: 21
      objectReference: {fileID: 0}
    - target: {fileID: 184350, guid: 737538b2cb0b29b48bf92d3aff0ca43b, type: 2}
      propertyPath: m_Name
      value: Ground (17)
      objectReference: {fileID: 0}
    - target: {fileID: 430098, guid: 737538b2cb0b29b48bf92d3aff0ca43b, type: 2}
      propertyPath: m_LocalEulerAnglesHint.z
      value: 180.39499
      objectReference: {fileID: 0}
    - target: {fileID: 430098, guid: 737538b2cb0b29b48bf92d3aff0ca43b, type: 2}
      propertyPath: m_LocalScale.y
      value: 0.7463572
      objectReference: {fileID: 0}
    - target: {fileID: 430098, guid: 737538b2cb0b29b48bf92d3aff0ca43b, type: 2}
      propertyPath: m_LocalScale.x
      value: 0.5882615
      objectReference: {fileID: 0}
    m_RemovedComponents: []
  m_ParentPrefab: {fileID: 100100000, guid: 737538b2cb0b29b48bf92d3aff0ca43b, type: 2}
  m_IsPrefabParent: 0
--- !u!1001 &1649853722
Prefab:
  m_ObjectHideFlags: 0
  serializedVersion: 2
  m_Modification:
    m_TransformParent: {fileID: 0}
    m_Modifications:
    - target: {fileID: 430098, guid: 737538b2cb0b29b48bf92d3aff0ca43b, type: 2}
      propertyPath: m_LocalPosition.x
      value: 27.05
      objectReference: {fileID: 0}
    - target: {fileID: 430098, guid: 737538b2cb0b29b48bf92d3aff0ca43b, type: 2}
      propertyPath: m_LocalPosition.y
      value: 4.773
      objectReference: {fileID: 0}
    - target: {fileID: 430098, guid: 737538b2cb0b29b48bf92d3aff0ca43b, type: 2}
      propertyPath: m_LocalPosition.z
      value: -0.03
      objectReference: {fileID: 0}
    - target: {fileID: 430098, guid: 737538b2cb0b29b48bf92d3aff0ca43b, type: 2}
      propertyPath: m_LocalRotation.x
      value: -0
      objectReference: {fileID: 0}
    - target: {fileID: 430098, guid: 737538b2cb0b29b48bf92d3aff0ca43b, type: 2}
      propertyPath: m_LocalRotation.y
      value: -0
      objectReference: {fileID: 0}
    - target: {fileID: 430098, guid: 737538b2cb0b29b48bf92d3aff0ca43b, type: 2}
      propertyPath: m_LocalRotation.z
      value: 0.0037157058
      objectReference: {fileID: 0}
    - target: {fileID: 430098, guid: 737538b2cb0b29b48bf92d3aff0ca43b, type: 2}
      propertyPath: m_LocalRotation.w
      value: 0.9999931
      objectReference: {fileID: 0}
    - target: {fileID: 430098, guid: 737538b2cb0b29b48bf92d3aff0ca43b, type: 2}
      propertyPath: m_RootOrder
      value: 18
      objectReference: {fileID: 0}
    - target: {fileID: 184350, guid: 737538b2cb0b29b48bf92d3aff0ca43b, type: 2}
      propertyPath: m_Name
      value: Ground (14)
      objectReference: {fileID: 0}
    - target: {fileID: 430098, guid: 737538b2cb0b29b48bf92d3aff0ca43b, type: 2}
      propertyPath: m_LocalEulerAnglesHint.z
      value: 0.42600003
      objectReference: {fileID: 0}
    - target: {fileID: 430098, guid: 737538b2cb0b29b48bf92d3aff0ca43b, type: 2}
      propertyPath: m_LocalScale.y
      value: 0.50221616
      objectReference: {fileID: 0}
    - target: {fileID: 430098, guid: 737538b2cb0b29b48bf92d3aff0ca43b, type: 2}
      propertyPath: m_LocalScale.x
      value: 0.6134462
      objectReference: {fileID: 0}
    m_RemovedComponents: []
  m_ParentPrefab: {fileID: 100100000, guid: 737538b2cb0b29b48bf92d3aff0ca43b, type: 2}
  m_IsPrefabParent: 0
--- !u!1001 &1720945121
Prefab:
  m_ObjectHideFlags: 0
  serializedVersion: 2
  m_Modification:
    m_TransformParent: {fileID: 0}
    m_Modifications:
    - target: {fileID: 430098, guid: 737538b2cb0b29b48bf92d3aff0ca43b, type: 2}
      propertyPath: m_LocalPosition.x
      value: -13.639
      objectReference: {fileID: 0}
    - target: {fileID: 430098, guid: 737538b2cb0b29b48bf92d3aff0ca43b, type: 2}
      propertyPath: m_LocalPosition.y
      value: 18.159742
      objectReference: {fileID: 0}
    - target: {fileID: 430098, guid: 737538b2cb0b29b48bf92d3aff0ca43b, type: 2}
      propertyPath: m_LocalPosition.z
      value: -0.03
      objectReference: {fileID: 0}
    - target: {fileID: 430098, guid: 737538b2cb0b29b48bf92d3aff0ca43b, type: 2}
      propertyPath: m_LocalRotation.x
      value: -0
      objectReference: {fileID: 0}
    - target: {fileID: 430098, guid: 737538b2cb0b29b48bf92d3aff0ca43b, type: 2}
      propertyPath: m_LocalRotation.y
      value: -0
      objectReference: {fileID: 0}
    - target: {fileID: 430098, guid: 737538b2cb0b29b48bf92d3aff0ca43b, type: 2}
      propertyPath: m_LocalRotation.z
      value: 0.7092216
      objectReference: {fileID: 0}
    - target: {fileID: 430098, guid: 737538b2cb0b29b48bf92d3aff0ca43b, type: 2}
      propertyPath: m_LocalRotation.w
      value: -0.70498574
      objectReference: {fileID: 0}
    - target: {fileID: 430098, guid: 737538b2cb0b29b48bf92d3aff0ca43b, type: 2}
      propertyPath: m_RootOrder
      value: 8
      objectReference: {fileID: 0}
    - target: {fileID: 184350, guid: 737538b2cb0b29b48bf92d3aff0ca43b, type: 2}
      propertyPath: m_Name
      value: Ground (5)
      objectReference: {fileID: 0}
    - target: {fileID: 430098, guid: 737538b2cb0b29b48bf92d3aff0ca43b, type: 2}
      propertyPath: m_LocalEulerAnglesHint.z
      value: -90.343
      objectReference: {fileID: 0}
    - target: {fileID: 430098, guid: 737538b2cb0b29b48bf92d3aff0ca43b, type: 2}
      propertyPath: m_LocalScale.y
      value: 1.146171
      objectReference: {fileID: 0}
    m_RemovedComponents: []
  m_ParentPrefab: {fileID: 100100000, guid: 737538b2cb0b29b48bf92d3aff0ca43b, type: 2}
  m_IsPrefabParent: 0
--- !u!1001 &1728838892
Prefab:
  m_ObjectHideFlags: 0
  serializedVersion: 2
  m_Modification:
    m_TransformParent: {fileID: 0}
    m_Modifications:
    - target: {fileID: 430098, guid: 737538b2cb0b29b48bf92d3aff0ca43b, type: 2}
      propertyPath: m_LocalPosition.x
      value: -13.959
      objectReference: {fileID: 0}
    - target: {fileID: 430098, guid: 737538b2cb0b29b48bf92d3aff0ca43b, type: 2}
      propertyPath: m_LocalPosition.y
      value: -0.57
      objectReference: {fileID: 0}
    - target: {fileID: 430098, guid: 737538b2cb0b29b48bf92d3aff0ca43b, type: 2}
      propertyPath: m_LocalPosition.z
      value: -0.03
      objectReference: {fileID: 0}
    - target: {fileID: 430098, guid: 737538b2cb0b29b48bf92d3aff0ca43b, type: 2}
      propertyPath: m_LocalRotation.x
      value: -0
      objectReference: {fileID: 0}
    - target: {fileID: 430098, guid: 737538b2cb0b29b48bf92d3aff0ca43b, type: 2}
      propertyPath: m_LocalRotation.y
      value: -0
      objectReference: {fileID: 0}
    - target: {fileID: 430098, guid: 737538b2cb0b29b48bf92d3aff0ca43b, type: 2}
      propertyPath: m_LocalRotation.z
      value: 0.7092216
      objectReference: {fileID: 0}
    - target: {fileID: 430098, guid: 737538b2cb0b29b48bf92d3aff0ca43b, type: 2}
      propertyPath: m_LocalRotation.w
      value: -0.70498574
      objectReference: {fileID: 0}
    - target: {fileID: 430098, guid: 737538b2cb0b29b48bf92d3aff0ca43b, type: 2}
      propertyPath: m_RootOrder
      value: 6
      objectReference: {fileID: 0}
    - target: {fileID: 184350, guid: 737538b2cb0b29b48bf92d3aff0ca43b, type: 2}
      propertyPath: m_Name
      value: Ground (2)
      objectReference: {fileID: 0}
    - target: {fileID: 430098, guid: 737538b2cb0b29b48bf92d3aff0ca43b, type: 2}
      propertyPath: m_LocalEulerAnglesHint.z
      value: -90.343
      objectReference: {fileID: 0}
    - target: {fileID: 430098, guid: 737538b2cb0b29b48bf92d3aff0ca43b, type: 2}
      propertyPath: m_LocalScale.y
      value: 1.146171
      objectReference: {fileID: 0}
    m_RemovedComponents: []
  m_ParentPrefab: {fileID: 100100000, guid: 737538b2cb0b29b48bf92d3aff0ca43b, type: 2}
  m_IsPrefabParent: 0
--- !u!4 &1772187168 stripped
Transform:
  m_PrefabParentObject: {fileID: 4507961341307582, guid: 63931de759b88b54cb7e0c2eb5293f2c,
    type: 2}
  m_PrefabInternal: {fileID: 1457507993}
--- !u!1 &1872407181
GameObject:
  m_ObjectHideFlags: 0
  m_PrefabParentObject: {fileID: 0}
  m_PrefabInternal: {fileID: 0}
  serializedVersion: 5
  m_Component:
  - component: {fileID: 1872407186}
  - component: {fileID: 1872407185}
  - component: {fileID: 1872407184}
  - component: {fileID: 1872407183}
  - component: {fileID: 1872407182}
  m_Layer: 0
  m_Name: Main Camera
  m_TagString: MainCamera
  m_Icon: {fileID: 0}
  m_NavMeshLayer: 0
  m_StaticEditorFlags: 0
  m_IsActive: 1
--- !u!81 &1872407182
AudioListener:
  m_ObjectHideFlags: 0
  m_PrefabParentObject: {fileID: 0}
  m_PrefabInternal: {fileID: 0}
  m_GameObject: {fileID: 1872407181}
  m_Enabled: 1
--- !u!124 &1872407183
Behaviour:
  m_ObjectHideFlags: 0
  m_PrefabParentObject: {fileID: 0}
  m_PrefabInternal: {fileID: 0}
  m_GameObject: {fileID: 1872407181}
  m_Enabled: 1
--- !u!92 &1872407184
Behaviour:
  m_ObjectHideFlags: 0
  m_PrefabParentObject: {fileID: 0}
  m_PrefabInternal: {fileID: 0}
  m_GameObject: {fileID: 1872407181}
  m_Enabled: 1
--- !u!20 &1872407185
Camera:
  m_ObjectHideFlags: 0
  m_PrefabParentObject: {fileID: 0}
  m_PrefabInternal: {fileID: 0}
  m_GameObject: {fileID: 1872407181}
  m_Enabled: 1
  serializedVersion: 2
  m_ClearFlags: 1
  m_BackGroundColor: {r: 1, g: 1, b: 1, a: 0}
  m_NormalizedViewPortRect:
    serializedVersion: 2
    x: 0
    y: 0
    width: 1
    height: 1
  near clip plane: 0.3
  far clip plane: 1000
  field of view: 60
  orthographic: 1
  orthographic size: 6.221665
  m_Depth: -1
  m_CullingMask:
    serializedVersion: 2
    m_Bits: 4294967295
  m_RenderingPath: -1
  m_TargetTexture: {fileID: 0}
  m_TargetDisplay: 0
  m_TargetEye: 3
  m_HDR: 1
  m_AllowMSAA: 1
  m_ForceIntoRT: 0
  m_OcclusionCulling: 1
  m_StereoConvergence: 10
  m_StereoSeparation: 0.022
  m_StereoMirrorMode: 0
--- !u!4 &1872407186
Transform:
  m_ObjectHideFlags: 0
  m_PrefabParentObject: {fileID: 0}
  m_PrefabInternal: {fileID: 0}
  m_GameObject: {fileID: 1872407181}
  m_LocalRotation: {x: -0, y: -0, z: -0, w: 1}
  m_LocalPosition: {x: 0, y: 0, z: -9.47}
  m_LocalScale: {x: 1, y: 1, z: 1}
  m_Children: []
  m_Father: {fileID: 1772187168}
  m_RootOrder: 4
  m_LocalEulerAnglesHint: {x: 0, y: 0, z: 0}
--- !u!1 &1938027681
GameObject:
  m_ObjectHideFlags: 0
  m_PrefabParentObject: {fileID: 0}
  m_PrefabInternal: {fileID: 0}
  serializedVersion: 5
  m_Component:
  - component: {fileID: 1938027682}
  - component: {fileID: 1938027684}
  - component: {fileID: 1938027683}
  m_Layer: 0
  m_Name: TextMeshPro Text (1)
  m_TagString: Untagged
  m_Icon: {fileID: 0}
  m_NavMeshLayer: 0
  m_StaticEditorFlags: 0
  m_IsActive: 1
--- !u!224 &1938027682
RectTransform:
  m_ObjectHideFlags: 0
  m_PrefabParentObject: {fileID: 0}
  m_PrefabInternal: {fileID: 0}
  m_GameObject: {fileID: 1938027681}
  m_LocalRotation: {x: -0, y: -0, z: -0, w: 1}
  m_LocalPosition: {x: 0, y: 0, z: 0}
  m_LocalScale: {x: 1, y: 1, z: 1}
  m_Children: []
  m_Father: {fileID: 1317230840}
  m_RootOrder: 1
  m_LocalEulerAnglesHint: {x: 0, y: 0, z: 0}
  m_AnchorMin: {x: 0.5, y: 0.5}
  m_AnchorMax: {x: 0.5, y: 0.5}
  m_AnchoredPosition: {x: 10.46, y: 10.931}
  m_SizeDelta: {x: 13.08, y: 4.707}
  m_Pivot: {x: 0.5, y: 0.5}
--- !u!114 &1938027683
MonoBehaviour:
  m_ObjectHideFlags: 0
  m_PrefabParentObject: {fileID: 0}
  m_PrefabInternal: {fileID: 0}
  m_GameObject: {fileID: 1938027681}
  m_Enabled: 1
  m_EditorHideFlags: 0
  m_Script: {fileID: 1453722849, guid: 89f0137620f6af44b9ba852b4190e64e, type: 3}
  m_Name: 
  m_EditorClassIdentifier: 
  m_Material: {fileID: 0}
  m_Color: {r: 1, g: 1, b: 1, a: 1}
  m_RaycastTarget: 1
  m_OnCullStateChanged:
    m_PersistentCalls:
      m_Calls: []
    m_TypeName: UnityEngine.UI.MaskableGraphic+CullStateChangedEvent, UnityEngine.UI,
      Version=1.0.0.0, Culture=neutral, PublicKeyToken=null
  m_text: Press B to grab flies. Press B again while grabbing a fly to throw them.
    Get rid of all the flies in a level to move on.
  m_isRightToLeft: 0
  m_fontAsset: {fileID: 11400000, guid: 715b80e429c437e40867928a4e1fc975, type: 2}
  m_sharedMaterial: {fileID: 2180264, guid: 715b80e429c437e40867928a4e1fc975, type: 2}
  m_fontSharedMaterials: []
  m_fontMaterial: {fileID: 0}
  m_fontMaterials: []
  m_fontColor32:
    serializedVersion: 2
    rgba: 4278255873
  m_fontColor: {r: 0.007352948, g: 0.007190751, b: 0.007190751, a: 1}
  m_enableVertexGradient: 0
  m_fontColorGradient:
    topLeft: {r: 1, g: 1, b: 1, a: 1}
    topRight: {r: 1, g: 1, b: 1, a: 1}
    bottomLeft: {r: 1, g: 1, b: 1, a: 1}
    bottomRight: {r: 1, g: 1, b: 1, a: 1}
  m_fontColorGradientPreset: {fileID: 0}
  m_spriteAsset: {fileID: 0}
  m_tintAllSprites: 0
  m_overrideHtmlColors: 0
  m_faceColor:
    serializedVersion: 2
    rgba: 4294967295
  m_outlineColor:
    serializedVersion: 2
    rgba: 4278190080
  m_fontSize: 1
  m_fontSizeBase: 1
  m_fontWeight: 400
  m_enableAutoSizing: 0
  m_fontSizeMin: 18
  m_fontSizeMax: 72
  m_fontStyle: 0
  m_textAlignment: 257
  m_isAlignmentEnumConverted: 1
  m_characterSpacing: 0
  m_wordSpacing: 0
  m_lineSpacing: 0
  m_lineSpacingMax: 0
  m_paragraphSpacing: 0
  m_charWidthMaxAdj: 0
  m_enableWordWrapping: 1
  m_wordWrappingRatios: 0.4
  m_overflowMode: 0
  m_firstOverflowCharacterIndex: -1
  m_linkedTextComponent: {fileID: 0}
  m_isLinkedTextComponent: 0
  m_enableKerning: 1
  m_enableExtraPadding: 0
  checkPaddingRequired: 0
  m_isRichText: 1
  m_parseCtrlCharacters: 1
  m_isOrthographic: 1
  m_isCullingEnabled: 0
  m_ignoreRectMaskCulling: 0
  m_ignoreCulling: 1
  m_horizontalMapping: 0
  m_verticalMapping: 0
  m_uvLineOffset: 0
  m_geometrySortingOrder: 0
  m_firstVisibleCharacter: 0
  m_useMaxVisibleDescender: 1
  m_pageToDisplay: 1
  m_margin: {x: 0, y: 0, z: 0, w: 0}
  m_textInfo:
    textComponent: {fileID: 1938027683}
    characterCount: 120
    spriteCount: 0
    spaceCount: 26
    wordCount: 27
    linkCount: 0
    lineCount: 4
    pageCount: 1
    materialCount: 1
  m_havePropertiesChanged: 0
  m_isUsingLegacyAnimationComponent: 0
  m_isVolumetricText: 0
  m_spriteAnimator: {fileID: 0}
  m_isInputParsingRequired: 0
  m_inputSource: 0
  m_hasFontAssetChanged: 0
  m_subTextObjects:
  - {fileID: 0}
  - {fileID: 0}
  - {fileID: 0}
  - {fileID: 0}
  - {fileID: 0}
  - {fileID: 0}
  - {fileID: 0}
  - {fileID: 0}
  m_baseMaterial: {fileID: 0}
  m_maskOffset: {x: 0, y: 0, z: 0, w: 0}
--- !u!222 &1938027684
CanvasRenderer:
  m_ObjectHideFlags: 0
  m_PrefabParentObject: {fileID: 0}
  m_PrefabInternal: {fileID: 0}
  m_GameObject: {fileID: 1938027681}
--- !u!1001 &1983816090
Prefab:
  m_ObjectHideFlags: 0
  serializedVersion: 2
  m_Modification:
    m_TransformParent: {fileID: 0}
    m_Modifications:
    - target: {fileID: 430098, guid: 737538b2cb0b29b48bf92d3aff0ca43b, type: 2}
      propertyPath: m_LocalPosition.x
      value: 30.093
      objectReference: {fileID: 0}
    - target: {fileID: 430098, guid: 737538b2cb0b29b48bf92d3aff0ca43b, type: 2}
      propertyPath: m_LocalPosition.y
      value: 16.562
      objectReference: {fileID: 0}
    - target: {fileID: 430098, guid: 737538b2cb0b29b48bf92d3aff0ca43b, type: 2}
      propertyPath: m_LocalPosition.z
      value: -0.03
      objectReference: {fileID: 0}
    - target: {fileID: 430098, guid: 737538b2cb0b29b48bf92d3aff0ca43b, type: 2}
      propertyPath: m_LocalRotation.x
      value: -0
      objectReference: {fileID: 0}
    - target: {fileID: 430098, guid: 737538b2cb0b29b48bf92d3aff0ca43b, type: 2}
      propertyPath: m_LocalRotation.y
      value: -0
      objectReference: {fileID: 0}
    - target: {fileID: 430098, guid: 737538b2cb0b29b48bf92d3aff0ca43b, type: 2}
      propertyPath: m_LocalRotation.z
      value: 0.70742714
      objectReference: {fileID: 0}
    - target: {fileID: 430098, guid: 737538b2cb0b29b48bf92d3aff0ca43b, type: 2}
      propertyPath: m_LocalRotation.w
      value: 0.70678633
      objectReference: {fileID: 0}
    - target: {fileID: 430098, guid: 737538b2cb0b29b48bf92d3aff0ca43b, type: 2}
      propertyPath: m_RootOrder
      value: 15
      objectReference: {fileID: 0}
    - target: {fileID: 184350, guid: 737538b2cb0b29b48bf92d3aff0ca43b, type: 2}
      propertyPath: m_Name
      value: Ground (11)
      objectReference: {fileID: 0}
    - target: {fileID: 430098, guid: 737538b2cb0b29b48bf92d3aff0ca43b, type: 2}
      propertyPath: m_LocalEulerAnglesHint.z
      value: 90.052
      objectReference: {fileID: 0}
    - target: {fileID: 430098, guid: 737538b2cb0b29b48bf92d3aff0ca43b, type: 2}
      propertyPath: m_LocalScale.x
      value: 0.4530696
      objectReference: {fileID: 0}
    - target: {fileID: 430098, guid: 737538b2cb0b29b48bf92d3aff0ca43b, type: 2}
      propertyPath: m_LocalScale.y
      value: 0.5882621
      objectReference: {fileID: 0}
    m_RemovedComponents: []
  m_ParentPrefab: {fileID: 100100000, guid: 737538b2cb0b29b48bf92d3aff0ca43b, type: 2}
  m_IsPrefabParent: 0
--- !u!1001 &2061731642
Prefab:
  m_ObjectHideFlags: 0
  serializedVersion: 2
  m_Modification:
    m_TransformParent: {fileID: 0}
    m_Modifications:
    - target: {fileID: 430098, guid: 737538b2cb0b29b48bf92d3aff0ca43b, type: 2}
      propertyPath: m_LocalPosition.x
      value: -8.022
      objectReference: {fileID: 0}
    - target: {fileID: 430098, guid: 737538b2cb0b29b48bf92d3aff0ca43b, type: 2}
      propertyPath: m_LocalPosition.y
      value: 23.2569
      objectReference: {fileID: 0}
    - target: {fileID: 430098, guid: 737538b2cb0b29b48bf92d3aff0ca43b, type: 2}
      propertyPath: m_LocalPosition.z
      value: -0.03
      objectReference: {fileID: 0}
    - target: {fileID: 430098, guid: 737538b2cb0b29b48bf92d3aff0ca43b, type: 2}
      propertyPath: m_LocalRotation.x
      value: -0
      objectReference: {fileID: 0}
    - target: {fileID: 430098, guid: 737538b2cb0b29b48bf92d3aff0ca43b, type: 2}
      propertyPath: m_LocalRotation.y
      value: -0
      objectReference: {fileID: 0}
    - target: {fileID: 430098, guid: 737538b2cb0b29b48bf92d3aff0ca43b, type: 2}
      propertyPath: m_LocalRotation.z
      value: 1
      objectReference: {fileID: 0}
    - target: {fileID: 430098, guid: 737538b2cb0b29b48bf92d3aff0ca43b, type: 2}
      propertyPath: m_LocalRotation.w
      value: -0.00026753242
      objectReference: {fileID: 0}
    - target: {fileID: 430098, guid: 737538b2cb0b29b48bf92d3aff0ca43b, type: 2}
      propertyPath: m_RootOrder
      value: 9
      objectReference: {fileID: 0}
    - target: {fileID: 184350, guid: 737538b2cb0b29b48bf92d3aff0ca43b, type: 2}
      propertyPath: m_Name
      value: Ground (6)
      objectReference: {fileID: 0}
    - target: {fileID: 430098, guid: 737538b2cb0b29b48bf92d3aff0ca43b, type: 2}
      propertyPath: m_LocalEulerAnglesHint.z
      value: -179.96901
      objectReference: {fileID: 0}
    - target: {fileID: 430098, guid: 737538b2cb0b29b48bf92d3aff0ca43b, type: 2}
      propertyPath: m_LocalScale.x
      value: 1.1461705
      objectReference: {fileID: 0}
    m_RemovedComponents: []
  m_ParentPrefab: {fileID: 100100000, guid: 737538b2cb0b29b48bf92d3aff0ca43b, type: 2}
  m_IsPrefabParent: 0
